Local time,Ask,Bid,AskVolume,BidVolume
11.04.2022 02:30:05.812 GMT+0530,1.09253,1.09202,0.23,0.23
11.04.2022 02:30:07.646 GMT+0530,1.09254,1.092,0.23,0.9
11.04.2022 02:30:07.759 GMT+0530,1.09256,1.09195,0.44,0.9
11.04.2022 02:30:08.305 GMT+0530,1.09256,1.092,0.44,0.9
11.04.2022 02:30:08.702 GMT+0530,1.09256,1.09201,0.44,0.23
11.04.2022 02:30:08.889 GMT+0530,1.09256,1.092,0.44,0.9
11.04.2022 02:30:08.940 GMT+0530,1.09269,1.092,0.67,0.9
11.04.2022 02:30:09.760 GMT+0530,1.09269,1.092,0.67,0.9
11.04.2022 02:30:10.412 GMT+0530,1.09269,1.09201,0.67,0.23
11.04.2022 02:30:10.683 GMT+0530,1.09263,1.09195,0.23,1.13
11.04.2022 02:30:11.786 GMT+0530,1.09263,1.09195,0.23,0.9
11.04.2022 02:30:12.046 GMT+0530,1.09259,1.09196,0.23,0.9
11.04.2022 02:30:12.097 GMT+0530,1.0926,1.09192,0.23,1.13
11.04.2022 02:30:12.993 GMT+0530,1.0926,1.09192,0.23,0.9
11.04.2022 02:30:13.211 GMT+0530,1.09256,1.09187,0.23,0.9
11.04.2022 02:30:14.068 GMT+0530,1.09256,1.09188,0.23,0.23
11.04.2022 02:30:14.878 GMT+0530,1.09256,1.09187,0.23,0.9
11.04.2022 02:30:14.929 GMT+0530,1.09261,1.09182,0.23,0.9
11.04.2022 02:30:16.085 GMT+0530,1.09248,1.09187,0.23,0.9
11.04.2022 02:30:16.214 GMT+0530,1.09248,1.09188,0.23,0.9
11.04.2022 02:30:16.265 GMT+0530,1.09248,1.09171,0.23,0.9
11.04.2022 02:30:17.029 GMT+0530,1.09248,1.09188,0.23,0.9
11.04.2022 02:30:17.204 GMT+0530,1.09248,1.0919,0.23,0.23
11.04.2022 02:30:17.895 GMT+0530,1.09201,1.09191,3,0.23
11.04.2022 02:30:17.959 GMT+0530,1.09201,1.09188,3,0.9
11.04.2022 02:30:18.130 GMT+0530,1.09201,1.09171,3,0.62
11.04.2022 02:30:18.185 GMT+0530,1.09201,1.09158,3,0.9
11.04.2022 02:30:18.864 GMT+0530,1.09201,1.09188,3,0.9
11.04.2022 02:30:18.915 GMT+0530,1.09201,1.09158,3,0.9
11.04.2022 02:30:18.965 GMT+0530,1.09201,1.09171,3,0.62
11.04.2022 02:30:19.863 GMT+0530,1.09201,1.09188,3,0.9
11.04.2022 02:30:20.015 GMT+0530,1.09201,1.09171,3,0.36
11.04.2022 02:30:20.141 GMT+0530,1.09201,1.09169,3,0.9
11.04.2022 02:30:22.082 GMT+0530,1.09201,1.09176,3,0.23
11.04.2022 02:30:24.083 GMT+0530,1.09201,1.09176,3,0.23
11.04.2022 02:30:24.296 GMT+0530,1.09201,1.09167,3,0.8
11.04.2022 02:30:24.810 GMT+0530,1.09201,1.09167,3,0.8
11.04.2022 02:30:26.964 GMT+0530,1.09201,1.09165,3,0.9
11.04.2022 02:30:27.015 GMT+0530,1.09201,1.09167,3,0.9
11.04.2022 02:30:29.106 GMT+0530,1.09201,1.09166,3,0.9
11.04.2022 02:30:33.232 GMT+0530,1.09201,1.0918,3,0.23
11.04.2022 02:30:33.636 GMT+0530,1.09201,1.09182,3,0.23
11.04.2022 02:30:37.265 GMT+0530,1.09201,1.09196,3,0.23
11.04.2022 02:30:39.082 GMT+0530,1.09201,1.09183,3,0.23
11.04.2022 02:30:40.478 GMT+0530,1.09201,1.09192,3,0.23
11.04.2022 02:30:40.529 GMT+0530,1.09201,1.09176,3,0.36
11.04.2022 02:30:40.630 GMT+0530,1.09201,1.09176,3,0.44
11.04.2022 02:30:42.215 GMT+0530,1.09201,1.09181,3,1.13
11.04.2022 02:30:43.084 GMT+0530,1.09201,1.09195,3,0.23
11.04.2022 02:30:47.515 GMT+0530,1.09201,1.0918,3,0.23
11.04.2022 02:30:49.486 GMT+0530,1.09201,1.09194,3,0.23
11.04.2022 02:30:53.591 GMT+0530,1.09201,1.0918,3,0.23
11.04.2022 02:30:53.958 GMT+0530,1.09201,1.09182,3,1.13
11.04.2022 02:31:02.830 GMT+0530,1.09201,1.0918,3,0.23
11.04.2022 02:31:04.265 GMT+0530,1.09201,1.0919,2.99,0.23
11.04.2022 02:31:09.495 GMT+0530,1.09201,1.09194,2.99,0.23
11.04.2022 02:31:11.898 GMT+0530,1.09201,1.0918,2.99,0.23
11.04.2022 02:31:11.985 GMT+0530,1.09201,1.09197,2.99,0.23
11.04.2022 02:31:22.600 GMT+0530,1.09201,1.0918,2.99,0.23
11.04.2022 02:31:22.700 GMT+0530,1.09201,1.09197,2.99,0.23
11.04.2022 02:31:32.660 GMT+0530,1.09201,1.0918,2.99,0.23
11.04.2022 02:31:32.805 GMT+0530,1.09201,1.09198,2.99,0.23
11.04.2022 02:31:34.851 GMT+0530,1.09201,1.0918,2.99,0.23
11.04.2022 02:31:34.985 GMT+0530,1.09201,1.09197,2.99,0.23
11.04.2022 02:31:39.803 GMT+0530,1.09201,1.09196,2.99,0.23
11.04.2022 02:31:40.793 GMT+0530,1.09201,1.09187,2.99,0.23
11.04.2022 02:31:40.890 GMT+0530,1.09201,1.09198,2.99,0.23
11.04.2022 02:31:42.015 GMT+0530,1.09201,1.09187,2.99,0.23
11.04.2022 02:31:58.996 GMT+0530,1.09201,1.09171,2.99,0.23
11.04.2022 02:31:59.304 GMT+0530,1.09201,1.09171,2.99,0.23
11.04.2022 02:31:59.355 GMT+0530,1.09201,1.09188,2.99,0.23
11.04.2022 02:32:01.153 GMT+0530,1.09201,1.09171,2.99,0.23
11.04.2022 02:32:01.370 GMT+0530,1.09201,1.09188,2.99,0.23
11.04.2022 02:32:02.809 GMT+0530,1.09201,1.09171,2.99,0.23
11.04.2022 02:32:02.985 GMT+0530,1.09201,1.09189,2.99,0.23
11.04.2022 02:32:14.716 GMT+0530,1.09201,1.09159,2.98,0.23
11.04.2022 02:32:19.439 GMT+0530,1.09201,1.09157,2.98,0.23
11.04.2022 02:33:02.171 GMT+0530,1.09201,1.09143,2.98,0.23
11.04.2022 02:33:06.190 GMT+0530,1.09201,1.0913,3.23,0.23
11.04.2022 02:33:12.461 GMT+0530,1.09192,1.09134,0.23,0.23
11.04.2022 02:33:15.945 GMT+0530,1.09146,1.09118,0.23,0.44
11.04.2022 02:33:15.996 GMT+0530,1.09146,1.0911,0.23,0.23
11.04.2022 02:33:16.480 GMT+0530,1.09143,1.09083,0.23,0.23
11.04.2022 02:33:16.531 GMT+0530,1.09146,1.0911,0.23,0.23
11.04.2022 02:33:32.830 GMT+0530,1.09196,1.0916,0.23,0.23
11.04.2022 02:33:33.594 GMT+0530,1.09196,1.0916,0.23,0.23
11.04.2022 02:34:02.390 GMT+0530,1.09181,1.09013,1.13,0.23
11.04.2022 02:34:38.966 GMT+0530,1.09151,1.09093,0.9,0.23
11.04.2022 02:34:43.576 GMT+0530,1.0915,1.09078,0.9,0.44
11.04.2022 02:34:43.627 GMT+0530,1.09151,1.09066,0.9,0.23
11.04.2022 02:34:43.765 GMT+0530,1.0912,1.09081,0.23,1.13
11.04.2022 02:34:43.816 GMT+0530,1.09078,1.09045,0.23,0.23
11.04.2022 02:34:45.585 GMT+0530,1.09112,1.0904,0.23,0.23
11.04.2022 02:34:46.695 GMT+0530,1.09113,1.09039,0.9,0.9
11.04.2022 02:34:46.746 GMT+0530,1.09151,1.09013,0.9,0.23
11.04.2022 02:34:47.009 GMT+0530,1.0915,1.09023,1.8,0.44
11.04.2022 02:34:47.059 GMT+0530,1.09151,1.09013,0.9,0.23
11.04.2022 02:34:47.150 GMT+0530,1.09112,1.0904,0.23,0.23
11.04.2022 02:34:47.200 GMT+0530,1.0915,1.09014,0.9,0.23
11.04.2022 02:34:47.450 GMT+0530,1.09112,1.0904,0.23,0.23
11.04.2022 02:34:47.500 GMT+0530,1.0915,1.09017,0.9,0.44
11.04.2022 02:34:47.600 GMT+0530,1.09112,1.0904,0.23,0.23
11.04.2022 02:34:47.650 GMT+0530,1.09151,1.09018,0.9,0.44
11.04.2022 02:34:47.750 GMT+0530,1.09112,1.0904,0.23,0.23
11.04.2022 02:34:47.801 GMT+0530,1.09151,1.09022,0.9,0.44
11.04.2022 02:34:47.905 GMT+0530,1.09111,1.09041,0.23,0.23
11.04.2022 02:34:47.956 GMT+0530,1.09151,1.09023,0.9,0.44
11.04.2022 02:34:48.054 GMT+0530,1.09112,1.0904,0.23,0.23
11.04.2022 02:34:48.105 GMT+0530,1.09151,1.09027,0.9,0.44
11.04.2022 02:34:48.204 GMT+0530,1.09111,1.09041,0.23,0.23
11.04.2022 02:34:49.365 GMT+0530,1.09113,1.09039,0.9,0.9
11.04.2022 02:34:49.415 GMT+0530,1.09151,1.09033,0.9,0.44
11.04.2022 02:34:53.085 GMT+0530,1.09151,1.09033,0.9,0.44
11.04.2022 02:34:55.922 GMT+0530,1.09138,1.0903,1.13,0.23
11.04.2022 02:34:55.973 GMT+0530,1.09151,1.09033,0.9,0.44
11.04.2022 02:34:58.612 GMT+0530,1.09151,1.0905,0.9,0.44
11.04.2022 02:35:01.599 GMT+0530,1.09151,1.0904,0.9,0.23
11.04.2022 02:35:03.513 GMT+0530,1.09151,1.09072,0.9,0.9
11.04.2022 02:35:04.997 GMT+0530,1.09151,1.09074,0.9,0.44
11.04.2022 02:35:05.516 GMT+0530,1.09151,1.09066,0.9,0.44
11.04.2022 02:35:06.315 GMT+0530,1.09151,1.0904,0.9,0.23
11.04.2022 02:35:07.600 GMT+0530,1.09151,1.09069,0.9,0.44
11.04.2022 02:35:07.752 GMT+0530,1.09151,1.09074,0.9,0.44
11.04.2022 02:35:07.803 GMT+0530,1.09151,1.09068,0.9,0.44
11.04.2022 02:35:07.854 GMT+0530,1.09151,1.0904,0.9,0.23
11.04.2022 02:35:07.904 GMT+0530,1.09151,1.09074,0.9,0.44
11.04.2022 02:35:11.040 GMT+0530,1.09151,1.09066,0.9,0.44
11.04.2022 02:35:11.091 GMT+0530,1.09151,1.09062,0.9,0.44
11.04.2022 02:35:12.019 GMT+0530,1.09151,1.09078,0.9,0.44
11.04.2022 02:35:13.913 GMT+0530,1.0915,1.09069,0.9,0.44
11.04.2022 02:35:15.135 GMT+0530,1.09151,1.09063,0.9,0.44
11.04.2022 02:35:20.289 GMT+0530,1.09141,1.09063,0.23,0.44
11.04.2022 02:35:20.620 GMT+0530,1.09136,1.09063,0.23,0.44
11.04.2022 02:35:21.061 GMT+0530,1.09149,1.09071,0.23,0.23
11.04.2022 02:35:21.340 GMT+0530,1.09143,1.09065,0.23,0.23
11.04.2022 02:35:21.501 GMT+0530,1.09151,1.09066,0.9,0.23
11.04.2022 02:35:21.639 GMT+0530,1.09143,1.09065,0.23,0.23
11.04.2022 02:35:22.051 GMT+0530,1.0914,1.09063,0.23,0.44
11.04.2022 02:35:22.210 GMT+0530,1.09136,1.09063,0.23,0.44
11.04.2022 02:35:22.261 GMT+0530,1.09151,1.09063,0.9,0.44
11.04.2022 02:35:22.414 GMT+0530,1.09136,1.09063,0.23,0.44
11.04.2022 02:35:25.104 GMT+0530,1.09136,1.09058,0.23,0.44
11.04.2022 02:35:25.609 GMT+0530,1.09134,1.09058,0.23,0.44
11.04.2022 02:35:27.228 GMT+0530,1.09133,1.09053,0.23,0.23
11.04.2022 02:35:27.279 GMT+0530,1.09131,1.09048,0.23,0.44
11.04.2022 02:35:27.330 GMT+0530,1.09134,1.09055,0.23,0.44
11.04.2022 02:35:27.610 GMT+0530,1.09134,1.09058,0.23,1.8
11.04.2022 02:35:27.945 GMT+0530,1.09126,1.09058,0.23,1.8
11.04.2022 02:35:32.249 GMT+0530,1.09118,1.09055,0.44,0.44
11.04.2022 02:35:32.350 GMT+0530,1.09126,1.09057,0.23,0.44
11.04.2022 02:35:35.135 GMT+0530,1.09125,1.09055,0.23,0.44
11.04.2022 02:35:36.061 GMT+0530,1.09128,1.09054,0.23,0.44
11.04.2022 02:35:37.384 GMT+0530,1.09121,1.09055,0.23,0.23
11.04.2022 02:35:38.835 GMT+0530,1.09119,1.09053,0.23,0.23
11.04.2022 02:35:45.106 GMT+0530,1.09113,1.09053,0.44,0.23
11.04.2022 02:35:47.845 GMT+0530,1.09118,1.09055,0.44,0.44
11.04.2022 02:35:47.946 GMT+0530,1.09126,1.09052,0.23,0.23
11.04.2022 02:35:48.048 GMT+0530,1.09125,1.09051,0.23,0.44
11.04.2022 02:35:48.445 GMT+0530,1.09129,1.09051,0.23,0.44
11.04.2022 02:35:48.496 GMT+0530,1.09132,1.09051,0.23,0.44
11.04.2022 02:35:48.547 GMT+0530,1.09131,1.09057,0.23,0.44
11.04.2022 02:35:48.921 GMT+0530,1.09132,1.0905,0.23,0.44
11.04.2022 02:35:55.103 GMT+0530,1.09132,1.09055,0.23,0.44
11.04.2022 02:35:56.029 GMT+0530,1.09125,1.09055,0.23,0.44
11.04.2022 02:35:56.080 GMT+0530,1.09125,1.09051,0.23,0.23
11.04.2022 02:35:56.500 GMT+0530,1.09125,1.09054,0.23,1.8
11.04.2022 02:35:59.445 GMT+0530,1.09117,1.09051,0.44,0.23
11.04.2022 02:36:05.424 GMT+0530,1.09118,1.09051,0.44,0.23
11.04.2022 02:36:05.594 GMT+0530,1.09117,1.09051,0.44,0.23
11.04.2022 02:36:08.211 GMT+0530,1.09116,1.09051,0.44,0.23
11.04.2022 02:36:13.679 GMT+0530,1.09117,1.09054,0.44,0.44
11.04.2022 02:36:16.134 GMT+0530,1.09117,1.09051,0.44,0.23
11.04.2022 02:36:16.265 GMT+0530,1.09116,1.09051,0.44,0.23
11.04.2022 02:36:25.103 GMT+0530,1.09117,1.09054,0.44,0.44
11.04.2022 02:36:48.173 GMT+0530,1.09117,1.09051,0.44,0.23
11.04.2022 02:36:50.623 GMT+0530,1.09116,1.09051,0.44,0.23
11.04.2022 02:36:52.209 GMT+0530,1.09117,1.09051,0.44,0.23
11.04.2022 02:36:55.425 GMT+0530,1.09117,1.09054,0.44,0.44
11.04.2022 02:37:00.250 GMT+0530,1.09117,1.09051,0.44,0.23
11.04.2022 02:37:00.709 GMT+0530,1.09116,1.09051,0.44,0.23
11.04.2022 02:37:05.103 GMT+0530,1.09117,1.09054,0.44,0.44
11.04.2022 02:37:12.347 GMT+0530,1.09117,1.09051,0.44,0.23
11.04.2022 02:37:15.392 GMT+0530,1.09117,1.09054,0.44,0.44
11.04.2022 02:37:17.798 GMT+0530,1.09107,1.09051,0.44,0.23
11.04.2022 02:37:17.900 GMT+0530,1.0911,1.09052,0.23,0.23
11.04.2022 02:37:35.465 GMT+0530,1.0911,1.09053,0.23,0.23
11.04.2022 02:37:35.516 GMT+0530,1.09113,1.09063,0.44,0.23
11.04.2022 02:38:35.129 GMT+0530,1.09109,1.09064,0.44,0.23
11.04.2022 02:38:50.348 GMT+0530,1.09099,1.09064,0.44,0.23
11.04.2022 02:38:50.449 GMT+0530,1.09096,1.09064,0.67,0.23
11.04.2022 02:38:52.801 GMT+0530,1.09096,1.09056,0.44,0.23
11.04.2022 02:38:52.902 GMT+0530,1.09097,1.09056,0.23,0.23
11.04.2022 02:38:55.155 GMT+0530,1.0909,1.09056,0.23,0.23
11.04.2022 02:38:55.256 GMT+0530,1.09086,1.09056,0.44,0.23
11.04.2022 02:38:56.650 GMT+0530,1.09086,1.0905,0.44,0.23
11.04.2022 02:38:58.416 GMT+0530,1.09086,1.09051,0.44,0.23
11.04.2022 02:38:58.838 GMT+0530,1.09087,1.09066,0.44,0.23
11.04.2022 02:39:00.571 GMT+0530,1.09092,1.09066,0.44,1.13
11.04.2022 02:39:03.555 GMT+0530,1.09092,1.09065,0.44,0.23
11.04.2022 02:39:03.606 GMT+0530,1.09092,1.09055,0.44,1.34
11.04.2022 02:39:03.657 GMT+0530,1.09092,1.09064,0.44,0.23
11.04.2022 02:39:05.960 GMT+0530,1.09092,1.09065,0.44,1.13
11.04.2022 02:39:06.011 GMT+0530,1.09096,1.09065,0.44,1.34
11.04.2022 02:39:06.062 GMT+0530,1.09102,1.09065,0.44,1.34
11.04.2022 02:39:08.969 GMT+0530,1.09102,1.09064,0.44,0.23
11.04.2022 02:39:11.021 GMT+0530,1.09102,1.09065,0.44,0.23
11.04.2022 02:39:18.084 GMT+0530,1.09102,1.09064,0.44,0.23
11.04.2022 02:39:23.997 GMT+0530,1.09101,1.09064,0.44,0.23
11.04.2022 02:39:29.469 GMT+0530,1.09098,1.09064,0.44,0.23
11.04.2022 02:39:29.570 GMT+0530,1.09079,1.09064,0.44,0.23
11.04.2022 02:39:29.915 GMT+0530,1.09079,1.09062,0.44,0.44
11.04.2022 02:39:38.331 GMT+0530,1.09097,1.09062,0.44,0.44
11.04.2022 02:39:39.282 GMT+0530,1.09103,1.09062,0.44,0.44
11.04.2022 02:39:40.129 GMT+0530,1.09103,1.09061,0.67,0.23
11.04.2022 02:39:43.143 GMT+0530,1.09081,1.09061,0.44,0.23
11.04.2022 02:39:46.090 GMT+0530,1.09094,1.09061,0.44,0.23
11.04.2022 02:39:46.141 GMT+0530,1.09103,1.09061,0.67,0.23
11.04.2022 02:39:48.097 GMT+0530,1.09102,1.09061,0.44,0.23
11.04.2022 02:39:50.400 GMT+0530,1.09101,1.09061,0.44,0.23
11.04.2022 02:39:56.550 GMT+0530,1.09101,1.09059,0.67,0.23
11.04.2022 02:40:05.587 GMT+0530,1.09099,1.09059,0.44,0.23
11.04.2022 02:40:06.591 GMT+0530,1.09094,1.0906,0.44,0.23
11.04.2022 02:40:22.423 GMT+0530,1.09096,1.09059,0.44,0.23
11.04.2022 02:40:37.143 GMT+0530,1.09096,1.09056,0.44,0.23
11.04.2022 02:40:45.556 GMT+0530,1.09096,1.09063,0.44,0.23
11.04.2022 02:40:45.907 GMT+0530,1.09097,1.09063,0.44,0.23
11.04.2022 02:40:46.137 GMT+0530,1.09104,1.09081,0.44,0.23
11.04.2022 02:40:46.516 GMT+0530,1.09096,1.09063,0.44,0.23
11.04.2022 02:40:46.782 GMT+0530,1.09096,1.09061,0.44,0.23
11.04.2022 02:40:46.884 GMT+0530,1.09102,1.09082,0.23,0.23
11.04.2022 02:40:48.720 GMT+0530,1.09099,1.09064,0.44,0.23
11.04.2022 02:40:49.064 GMT+0530,1.09099,1.09075,0.44,0.44
11.04.2022 02:40:49.436 GMT+0530,1.09102,1.09082,0.23,0.23
11.04.2022 02:40:51.020 GMT+0530,1.09101,1.09081,0.23,0.23
11.04.2022 02:40:51.122 GMT+0530,1.09102,1.09061,0.44,0.23
11.04.2022 02:40:51.518 GMT+0530,1.09101,1.09081,1.13,0.23
11.04.2022 02:40:53.432 GMT+0530,1.09102,1.09061,0.44,0.23
11.04.2022 02:40:53.857 GMT+0530,1.091,1.09081,0.23,0.23
11.04.2022 02:40:55.001 GMT+0530,1.09103,1.09061,0.44,0.23
11.04.2022 02:40:55.287 GMT+0530,1.09103,1.09062,0.44,0.23
11.04.2022 02:40:55.338 GMT+0530,1.091,1.09081,0.23,0.23
11.04.2022 02:40:58.181 GMT+0530,1.09096,1.09061,0.44,0.23
11.04.2022 02:40:58.630 GMT+0530,1.09096,1.09059,0.44,1.34
11.04.2022 02:41:01.242 GMT+0530,1.09095,1.09057,0.44,0.23
11.04.2022 02:41:01.316 GMT+0530,1.09095,1.0905,0.44,0.23
11.04.2022 02:41:01.367 GMT+0530,1.09095,1.09045,0.44,1.13
11.04.2022 02:41:01.703 GMT+0530,1.09098,1.09045,0.44,1.13
11.04.2022 02:41:01.943 GMT+0530,1.09103,1.09067,0.67,0.23
11.04.2022 02:41:03.471 GMT+0530,1.09098,1.09045,0.44,0.23
11.04.2022 02:41:03.903 GMT+0530,1.09098,1.09057,0.44,0.23
11.04.2022 02:41:04.004 GMT+0530,1.09098,1.09045,0.44,0.23
11.04.2022 02:41:05.275 GMT+0530,1.09083,1.09047,0.23,0.23
11.04.2022 02:41:09.135 GMT+0530,1.09083,1.09043,0.44,0.23
11.04.2022 02:41:15.137 GMT+0530,1.09084,1.09043,0.44,0.23
11.04.2022 02:41:16.163 GMT+0530,1.09092,1.09043,0.44,0.23
11.04.2022 02:41:17.960 GMT+0530,1.09083,1.09047,0.23,0.23
11.04.2022 02:41:22.200 GMT+0530,1.09084,1.09046,0.23,0.23
11.04.2022 02:41:22.251 GMT+0530,1.09092,1.09044,0.44,0.23
11.04.2022 02:41:22.704 GMT+0530,1.09092,1.09043,0.44,1.13
11.04.2022 02:41:22.806 GMT+0530,1.09092,1.09044,0.44,0.23
11.04.2022 02:41:31.911 GMT+0530,1.09092,1.0905,0.44,0.23
11.04.2022 02:41:35.811 GMT+0530,1.09092,1.09051,0.44,0.23
11.04.2022 02:42:40.962 GMT+0530,1.09098,1.09055,0.44,1.13
11.04.2022 02:42:41.169 GMT+0530,1.09092,1.09054,0.44,0.9
11.04.2022 02:42:41.220 GMT+0530,1.09092,1.09051,0.44,0.9
11.04.2022 02:42:41.531 GMT+0530,1.09095,1.09051,0.44,0.9
11.04.2022 02:42:41.582 GMT+0530,1.09095,1.09055,0.44,0.9
11.04.2022 02:42:46.185 GMT+0530,1.09095,1.09054,0.44,0.9
11.04.2022 02:42:46.728 GMT+0530,1.09095,1.09055,0.44,0.9
11.04.2022 02:42:55.058 GMT+0530,1.09094,1.09055,0.44,0.9
11.04.2022 02:43:12.576 GMT+0530,1.09094,1.09054,0.44,0.9
11.04.2022 02:44:00.575 GMT+0530,1.09096,1.09064,0.44,0.9
11.04.2022 02:44:00.627 GMT+0530,1.09111,1.09069,0.44,0.9
11.04.2022 02:44:00.728 GMT+0530,1.09109,1.09064,1.13,0.9
11.04.2022 02:44:00.779 GMT+0530,1.09094,1.09054,0.44,0.9
11.04.2022 02:44:01.150 GMT+0530,1.09094,1.09055,0.44,0.23
11.04.2022 02:44:01.201 GMT+0530,1.0911,1.09069,0.44,0.9
11.04.2022 02:44:01.489 GMT+0530,1.09111,1.09069,0.44,0.9
11.04.2022 02:44:02.809 GMT+0530,1.09096,1.09069,0.44,0.9
11.04.2022 02:44:02.860 GMT+0530,1.09096,1.09064,0.44,0.9
11.04.2022 02:44:04.322 GMT+0530,1.09101,1.09071,0.9,0.44
11.04.2022 02:44:04.373 GMT+0530,1.09127,1.09071,0.44,0.44
11.04.2022 02:44:05.083 GMT+0530,1.09127,1.09077,0.44,0.9
11.04.2022 02:44:05.133 GMT+0530,1.09127,1.09071,0.44,0.44
11.04.2022 02:44:10.057 GMT+0530,1.09127,1.09076,0.44,0.44
11.04.2022 02:44:10.552 GMT+0530,1.09126,1.09076,0.44,0.44
11.04.2022 02:44:15.037 GMT+0530,1.09126,1.09075,0.44,0.44
11.04.2022 02:44:26.841 GMT+0530,1.09126,1.09073,0.44,0.44
11.04.2022 02:44:26.892 GMT+0530,1.09108,1.09074,0.44,0.44
11.04.2022 02:44:29.877 GMT+0530,1.09118,1.09074,0.44,0.44
11.04.2022 02:44:29.929 GMT+0530,1.09126,1.09074,0.44,0.44
11.04.2022 02:44:40.042 GMT+0530,1.09126,1.09077,0.44,0.9
11.04.2022 02:44:52.885 GMT+0530,1.09127,1.09077,0.44,0.9
11.04.2022 02:44:59.599 GMT+0530,1.09129,1.09077,1.34,0.9
11.04.2022 02:45:00.596 GMT+0530,1.09128,1.09077,0.23,0.9
11.04.2022 02:45:00.697 GMT+0530,1.09122,1.09076,0.23,0.44
11.04.2022 02:45:00.817 GMT+0530,1.09123,1.09072,0.23,0.44
11.04.2022 02:45:00.868 GMT+0530,1.09118,1.09071,0.23,0.44
11.04.2022 02:45:00.919 GMT+0530,1.09117,1.09051,0.23,0.9
11.04.2022 02:45:01.021 GMT+0530,1.09119,1.0905,0.44,0.9
11.04.2022 02:45:01.254 GMT+0530,1.09119,1.09053,0.44,0.23
11.04.2022 02:45:01.356 GMT+0530,1.09126,1.09072,0.23,0.44
11.04.2022 02:45:35.992 GMT+0530,1.09125,1.09071,0.12,0.44
11.04.2022 02:45:40.656 GMT+0530,1.09127,1.09071,0.23,0.44
11.04.2022 02:45:47.328 GMT+0530,1.09127,1.09077,0.23,0.9
11.04.2022 02:45:47.392 GMT+0530,1.09127,1.09072,0.23,0.012
11.04.2022 02:45:47.537 GMT+0530,1.09126,1.09072,0.23,0.44
11.04.2022 02:45:52.120 GMT+0530,1.09127,1.09077,0.23,0.9
11.04.2022 02:45:57.762 GMT+0530,1.09127,1.09086,0.23,0.44
11.04.2022 02:46:05.252 GMT+0530,1.09127,1.09078,0.23,0.44
11.04.2022 02:46:05.304 GMT+0530,1.09105,1.09085,0.012,0.44
11.04.2022 02:46:05.406 GMT+0530,1.09106,1.09086,0.012,0.44
11.04.2022 02:46:05.457 GMT+0530,1.09106,1.09073,0.012,0.44
11.04.2022 02:46:05.508 GMT+0530,1.09105,1.09059,0.012,0.9
11.04.2022 02:46:05.559 GMT+0530,1.09106,1.09052,0.012,1.34
11.04.2022 02:46:05.610 GMT+0530,1.09105,1.09049,0.012,0.44
11.04.2022 02:46:15.103 GMT+0530,1.09106,1.09047,0.012,2.24
11.04.2022 02:46:15.257 GMT+0530,1.09105,1.09049,0.012,0.44
11.04.2022 02:46:19.606 GMT+0530,1.09106,1.09062,0.012,0.9
11.04.2022 02:46:20.729 GMT+0530,1.09103,1.09062,0.012,0.9
11.04.2022 02:46:22.399 GMT+0530,1.09103,1.09058,0.23,0.9
11.04.2022 02:46:26.785 GMT+0530,1.09095,1.09058,0.012,0.9
11.04.2022 02:46:35.486 GMT+0530,1.09095,1.09056,0.012,0.9
11.04.2022 02:46:35.588 GMT+0530,1.09095,1.09057,0.012,0.9
11.04.2022 02:46:42.109 GMT+0530,1.09097,1.09058,0.012,0.9
11.04.2022 02:46:45.026 GMT+0530,1.09097,1.09061,0.012,0.9
11.04.2022 02:46:46.087 GMT+0530,1.09109,1.09061,0.23,0.9
11.04.2022 02:46:46.366 GMT+0530,1.09109,1.09058,0.23,0.9
11.04.2022 02:47:05.707 GMT+0530,1.09109,1.09062,0.23,0.9
11.04.2022 02:47:07.146 GMT+0530,1.09108,1.09059,0.23,0.9
11.04.2022 02:47:47.025 GMT+0530,1.09108,1.09058,0.23,0.9
11.04.2022 02:47:47.828 GMT+0530,1.09106,1.09072,0.018,0.44
11.04.2022 02:47:48.684 GMT+0530,1.09106,1.09077,0.018,0.23
11.04.2022 02:47:50.691 GMT+0530,1.0911,1.09072,0.018,0.23
11.04.2022 02:47:57.326 GMT+0530,1.09106,1.09072,0.018,0.13
11.04.2022 02:48:00.435 GMT+0530,1.09091,1.09072,0.44,0.13
11.04.2022 02:48:00.708 GMT+0530,1.09091,1.09071,0.44,0.44
11.04.2022 02:48:03.811 GMT+0530,1.09096,1.09071,0.9,0.44
11.04.2022 02:48:03.862 GMT+0530,1.09114,1.09057,1.15,0.9
11.04.2022 02:48:04.205 GMT+0530,1.09115,1.09062,1.37,0.23
11.04.2022 02:48:04.307 GMT+0530,1.09091,1.0907,0.44,0.44
11.04.2022 02:48:05.108 GMT+0530,1.09091,1.09071,0.44,0.44
11.04.2022 02:48:13.417 GMT+0530,1.09091,1.0907,0.44,0.44
11.04.2022 02:48:17.016 GMT+0530,1.0909,1.09078,0.44,0.23
11.04.2022 02:48:20.483 GMT+0530,1.09091,1.09071,0.44,0.23
11.04.2022 02:48:25.103 GMT+0530,1.09089,1.09071,0.44,0.23
11.04.2022 02:48:25.204 GMT+0530,1.09089,1.0907,0.44,0.44
11.04.2022 02:48:30.527 GMT+0530,1.09088,1.09068,0.44,1.8
11.04.2022 02:48:30.838 GMT+0530,1.09089,1.09066,0.44,0.9
11.04.2022 02:48:30.889 GMT+0530,1.09089,1.0907,0.44,0.44
11.04.2022 02:48:32.750 GMT+0530,1.09088,1.09068,0.44,0.9
11.04.2022 02:48:33.135 GMT+0530,1.09089,1.0907,0.44,0.44
11.04.2022 02:48:35.975 GMT+0530,1.09089,1.09067,0.44,0.9
11.04.2022 02:48:36.370 GMT+0530,1.09089,1.0907,0.44,0.44
11.04.2022 02:48:36.801 GMT+0530,1.09089,1.09071,0.44,0.44
11.04.2022 02:48:37.657 GMT+0530,1.09089,1.0907,0.44,1.34
11.04.2022 02:48:41.018 GMT+0530,1.09091,1.0907,0.44,1.34
11.04.2022 02:48:43.497 GMT+0530,1.09086,1.0907,0.44,0.23
11.04.2022 02:48:43.548 GMT+0530,1.09086,1.09067,0.44,0.9
11.04.2022 02:48:43.711 GMT+0530,1.09086,1.09063,0.44,0.9
11.04.2022 02:48:43.926 GMT+0530,1.09086,1.09067,0.44,0.9
11.04.2022 02:48:46.133 GMT+0530,1.09096,1.09067,0.9,1.12
11.04.2022 02:48:47.417 GMT+0530,1.09096,1.09062,0.9,0.23
11.04.2022 02:48:48.471 GMT+0530,1.09096,1.09059,0.9,0.9
11.04.2022 02:48:48.659 GMT+0530,1.09096,1.0906,0.9,0.44
11.04.2022 02:48:48.865 GMT+0530,1.091,1.0906,0.25,0.44
11.04.2022 02:48:49.084 GMT+0530,1.091,1.09067,0.25,0.9
11.04.2022 02:48:49.135 GMT+0530,1.091,1.0906,0.25,0.44
11.04.2022 02:48:52.053 GMT+0530,1.09101,1.09067,0.9,0.9
11.04.2022 02:48:56.597 GMT+0530,1.09096,1.09067,0.44,0.9
11.04.2022 02:48:56.648 GMT+0530,1.09092,1.09062,0.23,0.9
11.04.2022 02:48:56.750 GMT+0530,1.09091,1.09062,0.23,0.9
11.04.2022 02:48:58.028 GMT+0530,1.09092,1.09063,0.23,0.9
11.04.2022 02:48:58.130 GMT+0530,1.09092,1.09062,0.23,0.9
11.04.2022 02:48:59.581 GMT+0530,1.09085,1.09062,0.23,0.9
11.04.2022 02:49:01.187 GMT+0530,1.09085,1.09063,0.23,0.9
11.04.2022 02:49:02.444 GMT+0530,1.09095,1.09063,0.9,0.9
11.04.2022 02:49:05.226 GMT+0530,1.09098,1.09061,0.25,0.9
11.04.2022 02:49:06.981 GMT+0530,1.09104,1.09065,0.25,0.9
11.04.2022 02:49:07.112 GMT+0530,1.09105,1.09064,0.25,0.9
11.04.2022 02:49:10.059 GMT+0530,1.09105,1.09061,0.25,0.9
11.04.2022 02:49:10.191 GMT+0530,1.09105,1.09057,0.25,0.9
11.04.2022 02:49:13.241 GMT+0530,1.09095,1.09057,0.23,0.9
11.04.2022 02:49:13.292 GMT+0530,1.09107,1.09057,0.47,0.9
11.04.2022 02:49:13.489 GMT+0530,1.09106,1.09058,0.47,0.9
11.04.2022 02:49:17.545 GMT+0530,1.091,1.09057,0.47,0.9
11.04.2022 02:49:17.646 GMT+0530,1.091,1.09057,0.44,0.9
11.04.2022 02:49:22.997 GMT+0530,1.091,1.09057,0.47,0.9
11.04.2022 02:49:32.894 GMT+0530,1.091,1.09057,0.44,0.9
11.04.2022 02:49:44.325 GMT+0530,1.091,1.09058,0.44,0.9
11.04.2022 02:49:49.079 GMT+0530,1.09116,1.09097,0.44,0.23
11.04.2022 02:49:49.181 GMT+0530,1.09116,1.09096,1.57,0.23
11.04.2022 02:49:57.885 GMT+0530,1.09115,1.09096,0.44,0.23
11.04.2022 02:49:57.986 GMT+0530,1.09115,1.09096,0.48,0.23
11.04.2022 02:49:58.996 GMT+0530,1.09115,1.09087,0.48,0.34
11.04.2022 02:49:59.047 GMT+0530,1.09108,1.09097,0.44,0.23
11.04.2022 02:49:59.097 GMT+0530,1.09113,1.09097,0.44,0.23
11.04.2022 02:49:59.653 GMT+0530,1.09115,1.09097,0.44,0.23
11.04.2022 02:50:02.230 GMT+0530,1.09115,1.09095,0.44,0.2
11.04.2022 02:50:02.281 GMT+0530,1.09129,1.09091,0.26,0.44
11.04.2022 02:50:02.382 GMT+0530,1.09129,1.0909,0.26,0.44
11.04.2022 02:50:06.275 GMT+0530,1.09119,1.09095,0.0252,0.23
11.04.2022 02:50:10.084 GMT+0530,1.0913,1.09095,1.13,0.23
11.04.2022 02:50:34.268 GMT+0530,1.0913,1.09098,1.13,0.9
11.04.2022 02:50:34.586 GMT+0530,1.0913,1.09095,1.13,0.17
11.04.2022 02:50:38.469 GMT+0530,1.0913,1.09097,1.13,0.9
11.04.2022 02:50:38.577 GMT+0530,1.09136,1.09105,0.44,0.23
11.04.2022 02:50:38.628 GMT+0530,1.09136,1.09119,0.44,0.23
11.04.2022 02:50:40.513 GMT+0530,1.09136,1.09118,0.44,0.44
11.04.2022 02:50:47.273 GMT+0530,1.09136,1.09117,0.44,0.44
11.04.2022 02:50:49.675 GMT+0530,1.09136,1.09118,0.44,0.44
11.04.2022 02:50:49.924 GMT+0530,1.09135,1.0912,0.44,0.44
11.04.2022 02:50:51.649 GMT+0530,1.09131,1.09119,0.9,0.44
11.04.2022 02:51:01.189 GMT+0530,1.09129,1.09119,0.9,0.44
11.04.2022 02:51:05.656 GMT+0530,1.09129,1.0912,0.9,0.44
11.04.2022 02:51:08.789 GMT+0530,1.09128,1.09104,1.57,1.34
11.04.2022 02:51:09.291 GMT+0530,1.09114,1.09103,0.44,0.9
11.04.2022 02:51:09.342 GMT+0530,1.09114,1.09078,0.44,0.0144
11.04.2022 02:51:14.105 GMT+0530,1.091,1.09077,0.44,0.0134
11.04.2022 02:51:32.137 GMT+0530,1.091,1.09053,0.44,0.9
11.04.2022 02:52:02.607 GMT+0530,1.091,1.09054,0.44,0.9
11.04.2022 02:52:05.183 GMT+0530,1.091,1.09053,0.44,0.9
11.04.2022 02:52:08.610 GMT+0530,1.091,1.09054,0.44,0.9
11.04.2022 02:52:12.704 GMT+0530,1.091,1.09055,0.44,0.9
11.04.2022 02:53:11.075 GMT+0530,1.091,1.09054,0.44,0.9
11.04.2022 02:53:17.372 GMT+0530,1.091,1.09055,0.44,0.9
11.04.2022 02:53:21.516 GMT+0530,1.091,1.09054,0.44,0.9
11.04.2022 02:53:38.867 GMT+0530,1.09099,1.09057,0.44,0.23
11.04.2022 02:53:42.524 GMT+0530,1.09108,1.09056,0.9,0.23
11.04.2022 02:54:39.017 GMT+0530,1.09109,1.09054,0.9,0.9
11.04.2022 02:54:54.575 GMT+0530,1.09108,1.09058,0.9,0.23
11.04.2022 02:54:56.228 GMT+0530,1.09107,1.09058,0.9,0.23
11.04.2022 02:54:56.385 GMT+0530,1.09107,1.09055,0.9,0.23
11.04.2022 02:54:56.436 GMT+0530,1.09098,1.09055,0.44,0.23
11.04.2022 02:55:02.631 GMT+0530,1.09097,1.09055,2.34,0.23
11.04.2022 02:55:03.575 GMT+0530,1.09098,1.09055,0.44,0.23
11.04.2022 02:55:25.942 GMT+0530,1.09078,1.09055,2.34,0.23
11.04.2022 02:55:30.563 GMT+0530,1.09087,1.09055,0.9,0.23
11.04.2022 02:55:56.588 GMT+0530,1.09087,1.09051,0.9,1.44
11.04.2022 02:55:57.101 GMT+0530,1.09087,1.0905,0.9,0.9
11.04.2022 02:56:14.306 GMT+0530,1.09087,1.09055,0.9,0.23
11.04.2022 02:56:22.610 GMT+0530,1.09087,1.09057,0.9,0.23
11.04.2022 02:56:22.712 GMT+0530,1.09087,1.09061,0.9,0.23
11.04.2022 02:56:28.656 GMT+0530,1.09087,1.09068,0.9,0.23
11.04.2022 02:56:28.951 GMT+0530,1.09087,1.09061,0.9,0.23
11.04.2022 02:56:29.209 GMT+0530,1.09087,1.0905,0.9,0.44
11.04.2022 02:56:30.586 GMT+0530,1.09099,1.0905,2.34,0.44
11.04.2022 02:56:30.688 GMT+0530,1.091,1.0905,0.44,0.44
11.04.2022 02:56:33.929 GMT+0530,1.09092,1.09049,2.34,0.44
11.04.2022 02:56:34.004 GMT+0530,1.09094,1.09049,2.34,0.44
11.04.2022 02:56:38.078 GMT+0530,1.09094,1.0905,2.34,0.44
11.04.2022 02:56:38.129 GMT+0530,1.09094,1.09058,2.34,0.23
11.04.2022 02:56:38.180 GMT+0530,1.09101,1.09058,2.34,0.23
11.04.2022 02:56:38.351 GMT+0530,1.09098,1.0905,0.44,0.44
11.04.2022 02:56:38.402 GMT+0530,1.0909,1.0905,2.34,0.44
11.04.2022 02:56:38.503 GMT+0530,1.09096,1.0905,2.34,0.44
11.04.2022 02:56:38.605 GMT+0530,1.09095,1.09048,2.34,0.44
11.04.2022 02:56:38.685 GMT+0530,1.09098,1.09047,2.78,0.44
11.04.2022 02:56:41.050 GMT+0530,1.09088,1.09047,2.34,0.44
11.04.2022 02:56:41.120 GMT+0530,1.0909,1.09047,2.34,0.44
11.04.2022 02:56:41.532 GMT+0530,1.09083,1.09046,0.44,0.44
11.04.2022 02:56:41.633 GMT+0530,1.09083,1.09048,0.44,0.23
11.04.2022 02:56:44.021 GMT+0530,1.09083,1.09044,0.44,0.44
11.04.2022 02:56:46.876 GMT+0530,1.09074,1.09044,2.34,0.44
11.04.2022 02:56:48.575 GMT+0530,1.09083,1.09044,0.44,0.44
11.04.2022 02:56:51.489 GMT+0530,1.09082,1.09042,0.44,0.9
11.04.2022 02:56:51.591 GMT+0530,1.09083,1.0904,0.44,1.34
11.04.2022 02:56:51.718 GMT+0530,1.09082,1.0904,2.34,1.34
11.04.2022 02:56:51.919 GMT+0530,1.09083,1.0904,2.78,0.44
11.04.2022 02:56:55.137 GMT+0530,1.09083,1.09039,0.44,1.34
11.04.2022 02:56:58.139 GMT+0530,1.09074,1.09039,2.34,1.34
11.04.2022 02:56:58.688 GMT+0530,1.09082,1.0904,0.44,1.34
11.04.2022 02:57:04.862 GMT+0530,1.09074,1.09039,2.34,1.34
11.04.2022 02:57:05.723 GMT+0530,1.09083,1.09039,0.44,1.34
11.04.2022 02:57:09.264 GMT+0530,1.09082,1.09041,0.44,0.9
11.04.2022 02:57:16.874 GMT+0530,1.09075,1.0904,2.34,0.9
11.04.2022 02:57:17.707 GMT+0530,1.09083,1.0904,0.44,0.9
11.04.2022 02:57:31.142 GMT+0530,1.09083,1.09038,0.44,1.8
11.04.2022 02:57:32.865 GMT+0530,1.09075,1.09038,2.34,0.9
11.04.2022 02:57:36.473 GMT+0530,1.09083,1.09039,0.44,1.44
11.04.2022 02:57:38.368 GMT+0530,1.09083,1.09038,0.44,0.9
11.04.2022 02:57:39.694 GMT+0530,1.09082,1.09038,0.44,0.95
11.04.2022 02:57:40.696 GMT+0530,1.09081,1.09038,0.44,0.95
11.04.2022 02:57:48.141 GMT+0530,1.0908,1.09048,0.44,0.23
11.04.2022 02:57:48.192 GMT+0530,1.09082,1.09048,0.44,0.29
11.04.2022 02:57:49.192 GMT+0530,1.09083,1.09047,0.44,0.23
11.04.2022 02:57:52.313 GMT+0530,1.09075,1.09047,2.34,0.23
11.04.2022 02:57:54.575 GMT+0530,1.09083,1.09047,0.44,0.23
11.04.2022 02:58:00.874 GMT+0530,1.09081,1.09047,2.34,0.23
11.04.2022 02:58:01.425 GMT+0530,1.09084,1.09061,2.34,0.23
11.04.2022 02:58:01.526 GMT+0530,1.09089,1.09061,0.44,0.23
11.04.2022 02:58:01.654 GMT+0530,1.09083,1.09047,0.44,1.44
11.04.2022 02:58:01.756 GMT+0530,1.09083,1.09046,0.44,0.23
11.04.2022 02:58:02.709 GMT+0530,1.09076,1.09039,2.34,0.23
11.04.2022 02:58:02.819 GMT+0530,1.09083,1.09039,0.44,0.23
11.04.2022 02:58:12.857 GMT+0530,1.09083,1.0904,0.44,0.9
11.04.2022 02:58:12.959 GMT+0530,1.09083,1.09041,0.44,0.9
11.04.2022 02:58:25.677 GMT+0530,1.09082,1.09041,0.44,0.9
11.04.2022 02:58:25.798 GMT+0530,1.09083,1.09039,0.44,0.23
11.04.2022 02:58:32.223 GMT+0530,1.09082,1.09039,0.9,0.23
11.04.2022 02:58:34.975 GMT+0530,1.09083,1.09039,1.34,0.23
11.04.2022 02:59:02.712 GMT+0530,1.09082,1.09039,0.44,1.13
11.04.2022 02:59:16.475 GMT+0530,1.09082,1.0904,0.44,0.9
11.04.2022 02:59:25.707 GMT+0530,1.09076,1.0904,0.23,0.9
11.04.2022 02:59:25.880 GMT+0530,1.09072,1.09041,0.23,0.9
11.04.2022 02:59:25.982 GMT+0530,1.09072,1.09039,0.9,0.9
11.04.2022 02:59:26.084 GMT+0530,1.09082,1.09039,0.91,1.13
11.04.2022 02:59:26.135 GMT+0530,1.09083,1.09047,0.46,0.9
11.04.2022 02:59:26.377 GMT+0530,1.09083,1.0904,0.46,0.9
11.04.2022 02:59:26.601 GMT+0530,1.09083,1.09039,1.36,0.9
11.04.2022 02:59:27.050 GMT+0530,1.09078,1.09039,0.23,0.9
11.04.2022 02:59:27.152 GMT+0530,1.09074,1.09035,0.23,0.44
11.04.2022 02:59:27.457 GMT+0530,1.09074,1.09036,1.13,0.44
11.04.2022 02:59:27.559 GMT+0530,1.09073,1.09036,0.9,0.44
11.04.2022 02:59:27.679 GMT+0530,1.09072,1.09036,0.9,0.44
11.04.2022 02:59:32.768 GMT+0530,1.09073,1.09038,0.9,0.9
11.04.2022 02:59:33.194 GMT+0530,1.09072,1.09038,0.9,0.9
11.04.2022 02:59:34.801 GMT+0530,1.0907,1.09038,0.9,0.9
11.04.2022 02:59:43.090 GMT+0530,1.09075,1.09038,0.9,0.9
11.04.2022 02:59:57.747 GMT+0530,1.09074,1.09038,0.9,0.9
11.04.2022 02:59:57.895 GMT+0530,1.09072,1.09039,0.9,0.9
11.04.2022 03:00:00.028 GMT+0530,1.09074,1.09038,0.9,0.9
11.04.2022 03:00:00.425 GMT+0530,1.09078,1.09045,0.9,0.23
11.04.2022 03:00:01.401 GMT+0530,1.09077,1.09046,0.92,0.23
11.04.2022 03:00:02.173 GMT+0530,1.09077,1.09045,0.9,0.23
11.04.2022 03:00:02.427 GMT+0530,1.09074,1.09033,0.9,0.44
11.04.2022 03:00:04.117 GMT+0530,1.09073,1.09033,0.9,0.44
11.04.2022 03:00:04.169 GMT+0530,1.09072,1.0904,0.9,0.23
11.04.2022 03:00:04.877 GMT+0530,1.09072,1.09032,0.9,0.44
11.04.2022 03:00:04.928 GMT+0530,1.09072,1.0904,0.9,0.23
11.04.2022 03:00:05.078 GMT+0530,1.09074,1.0904,0.9,0.23
11.04.2022 03:00:07.500 GMT+0530,1.09074,1.09032,0.9,0.44
11.04.2022 03:00:07.551 GMT+0530,1.09074,1.0904,0.9,0.23
11.04.2022 03:00:07.602 GMT+0530,1.09074,1.09032,0.9,0.44
11.04.2022 03:00:07.653 GMT+0530,1.09074,1.0904,0.9,0.23
11.04.2022 03:00:08.688 GMT+0530,1.09074,1.09038,0.9,0.23
11.04.2022 03:00:17.731 GMT+0530,1.09078,1.09043,0.9,0.23
11.04.2022 03:00:18.410 GMT+0530,1.09076,1.09043,0.9,0.23
11.04.2022 03:00:18.679 GMT+0530,1.09075,1.09043,0.9,0.23
11.04.2022 03:00:18.833 GMT+0530,1.09069,1.09038,0.23,0.9
11.04.2022 03:00:25.191 GMT+0530,1.09069,1.09031,0.23,0.44
11.04.2022 03:00:26.535 GMT+0530,1.09069,1.09032,0.23,0.44
11.04.2022 03:00:26.734 GMT+0530,1.09068,1.09032,0.23,0.44
11.04.2022 03:00:28.109 GMT+0530,1.09069,1.09032,0.23,0.9
11.04.2022 03:00:28.160 GMT+0530,1.09075,1.09043,0.44,0.23
11.04.2022 03:00:28.261 GMT+0530,1.09076,1.09043,0.9,0.23
11.04.2022 03:00:29.109 GMT+0530,1.09073,1.09043,0.9,0.23
11.04.2022 03:00:29.160 GMT+0530,1.09068,1.0903,0.23,0.44
11.04.2022 03:00:29.331 GMT+0530,1.09075,1.09043,0.9,0.23
11.04.2022 03:00:30.841 GMT+0530,1.09078,1.09045,0.9,0.23
11.04.2022 03:00:30.942 GMT+0530,1.09077,1.09045,0.9,0.23
11.04.2022 03:00:31.356 GMT+0530,1.09076,1.09039,0.9,0.23
11.04.2022 03:00:36.565 GMT+0530,1.09077,1.09042,0.9,0.44
11.04.2022 03:00:41.975 GMT+0530,1.09077,1.09044,0.9,0.44
11.04.2022 03:00:48.184 GMT+0530,1.09077,1.09039,0.9,0.23
11.04.2022 03:00:48.235 GMT+0530,1.09075,1.09039,0.9,0.23
11.04.2022 03:00:48.982 GMT+0530,1.09076,1.09039,0.9,0.23
11.04.2022 03:00:50.158 GMT+0530,1.09076,1.09043,0.9,0.44
11.04.2022 03:00:50.210 GMT+0530,1.09078,1.09043,0.9,0.44
11.04.2022 03:00:50.572 GMT+0530,1.09077,1.09043,0.9,0.44
11.04.2022 03:00:51.903 GMT+0530,1.09075,1.09043,0.9,0.44
11.04.2022 03:00:53.733 GMT+0530,1.09075,1.09038,0.9,0.9
11.04.2022 03:00:56.099 GMT+0530,1.09079,1.09041,0.9,0.23
11.04.2022 03:00:57.106 GMT+0530,1.09079,1.09047,0.9,0.23
11.04.2022 03:00:57.407 GMT+0530,1.09081,1.09041,0.9,0.23
11.04.2022 03:00:57.508 GMT+0530,1.09079,1.09047,0.9,0.23
11.04.2022 03:00:57.743 GMT+0530,1.09079,1.09041,0.9,0.23
11.04.2022 03:00:57.794 GMT+0530,1.09081,1.09041,0.9,0.23
11.04.2022 03:00:57.990 GMT+0530,1.09064,1.09046,1.13,0.23
11.04.2022 03:00:58.091 GMT+0530,1.09064,1.09047,0.9,0.9
11.04.2022 03:00:58.142 GMT+0530,1.09074,1.0905,0.44,0.23
11.04.2022 03:00:58.193 GMT+0530,1.09076,1.09053,0.44,0.23
11.04.2022 03:00:58.244 GMT+0530,1.0908,1.09047,0.9,1.13
11.04.2022 03:00:58.799 GMT+0530,1.09079,1.09047,0.9,1.13
11.04.2022 03:01:01.545 GMT+0530,1.09078,1.09055,0.9,0.23
11.04.2022 03:01:01.646 GMT+0530,1.09078,1.09054,0.9,0.23
11.04.2022 03:01:01.986 GMT+0530,1.09079,1.09055,0.9,0.23
11.04.2022 03:01:02.792 GMT+0530,1.09081,1.09054,0.9,0.23
11.04.2022 03:01:04.547 GMT+0530,1.09083,1.09054,0.9,0.23
11.04.2022 03:01:05.748 GMT+0530,1.09083,1.09051,0.9,0.23
11.04.2022 03:01:08.308 GMT+0530,1.09078,1.09048,0.9,0.23
11.04.2022 03:01:09.235 GMT+0530,1.09077,1.09048,0.9,0.23
11.04.2022 03:01:16.987 GMT+0530,1.09079,1.09052,0.9,0.23
11.04.2022 03:01:19.320 GMT+0530,1.09082,1.09062,0.9,0.23
11.04.2022 03:01:25.321 GMT+0530,1.09079,1.09052,0.9,0.23
11.04.2022 03:01:27.995 GMT+0530,1.09077,1.0905,0.9,0.23
11.04.2022 03:01:41.551 GMT+0530,1.09079,1.09054,0.9,0.23
11.04.2022 03:01:44.995 GMT+0530,1.09077,1.0905,0.9,0.23
11.04.2022 03:01:45.046 GMT+0530,1.09084,1.0906,0.9,0.44
11.04.2022 03:01:53.896 GMT+0530,1.09077,1.0905,0.9,0.23
11.04.2022 03:01:59.124 GMT+0530,1.09077,1.09048,0.9,0.23
11.04.2022 03:02:02.558 GMT+0530,1.09077,1.09048,0.9,0.24
11.04.2022 03:02:04.786 GMT+0530,1.09078,1.09048,0.9,0.24
11.04.2022 03:02:08.349 GMT+0530,1.09079,1.09048,0.9,0.24
11.04.2022 03:02:11.898 GMT+0530,1.09075,1.09048,0.9,0.24
11.04.2022 03:02:14.677 GMT+0530,1.09079,1.09048,0.9,0.24
11.04.2022 03:02:15.628 GMT+0530,1.09075,1.09048,0.9,0.24
11.04.2022 03:02:17.205 GMT+0530,1.09079,1.09048,0.9,0.24
11.04.2022 03:02:18.625 GMT+0530,1.09075,1.09048,0.44,0.24
11.04.2022 03:02:20.677 GMT+0530,1.09079,1.09048,0.9,0.24
11.04.2022 03:02:21.627 GMT+0530,1.09074,1.09049,0.9,0.24
11.04.2022 03:02:26.677 GMT+0530,1.09079,1.09048,0.9,0.24
11.04.2022 03:02:27.627 GMT+0530,1.09075,1.09048,0.9,0.24
11.04.2022 03:02:29.680 GMT+0530,1.09079,1.09048,0.9,0.24
11.04.2022 03:02:30.677 GMT+0530,1.09075,1.09048,1.34,0.24
11.04.2022 03:02:33.677 GMT+0530,1.09079,1.09048,0.9,0.24
11.04.2022 03:02:34.626 GMT+0530,1.09075,1.09048,0.44,0.24
11.04.2022 03:02:36.677 GMT+0530,1.09079,1.09048,0.9,0.24
11.04.2022 03:02:37.627 GMT+0530,1.09075,1.09048,0.9,0.24
11.04.2022 03:02:39.731 GMT+0530,1.09079,1.09048,0.9,0.24
11.04.2022 03:02:45.893 GMT+0530,1.09078,1.09049,0.9,0.23
11.04.2022 03:02:45.944 GMT+0530,1.09079,1.09048,0.9,0.25
11.04.2022 03:02:46.366 GMT+0530,1.09078,1.09049,0.9,0.23
11.04.2022 03:02:53.849 GMT+0530,1.09079,1.09047,0.9,0.23
11.04.2022 03:03:04.701 GMT+0530,1.09074,1.09049,0.44,0.44
11.04.2022 03:03:05.084 GMT+0530,1.09076,1.09048,0.44,0.44
11.04.2022 03:03:21.825 GMT+0530,1.09077,1.09048,0.92,0.44
11.04.2022 03:03:52.451 GMT+0530,1.09076,1.09048,0.9,0.44
11.04.2022 03:03:57.901 GMT+0530,1.09078,1.0905,0.9,0.23
11.04.2022 03:04:12.141 GMT+0530,1.09078,1.09051,0.9,0.23
11.04.2022 03:04:34.413 GMT+0530,1.09079,1.09048,0.9,0.23
11.04.2022 03:04:40.374 GMT+0530,1.09076,1.09049,0.9,0.23
11.04.2022 03:04:41.884 GMT+0530,1.09065,1.09049,0.9,0.23
11.04.2022 03:04:41.935 GMT+0530,1.0907,1.09044,0.9,0.23
11.04.2022 03:04:42.037 GMT+0530,1.09077,1.09044,0.9,0.23
11.04.2022 03:04:42.089 GMT+0530,1.09075,1.09044,0.9,0.23
11.04.2022 03:04:42.140 GMT+0530,1.09077,1.09044,0.9,0.23
11.04.2022 03:04:42.398 GMT+0530,1.09078,1.09044,0.9,1.13
11.04.2022 03:04:42.664 GMT+0530,1.09078,1.09046,0.9,0.23
11.04.2022 03:04:57.874 GMT+0530,1.09075,1.09046,0.9,0.23
11.04.2022 03:04:57.976 GMT+0530,1.0907,1.09047,0.9,0.23
11.04.2022 03:04:58.078 GMT+0530,1.09074,1.09047,0.9,0.23
11.04.2022 03:04:58.129 GMT+0530,1.09077,1.09047,0.9,0.23
11.04.2022 03:05:05.960 GMT+0530,1.09078,1.09047,0.9,0.23
11.04.2022 03:05:12.675 GMT+0530,1.09074,1.09049,0.9,0.44
11.04.2022 03:05:18.525 GMT+0530,1.09074,1.09048,0.9,0.44
11.04.2022 03:05:22.795 GMT+0530,1.09074,1.0905,0.9,0.9
11.04.2022 03:05:27.631 GMT+0530,1.09075,1.0905,0.9,0.9
11.04.2022 03:05:33.234 GMT+0530,1.09075,1.09054,0.9,0.9
11.04.2022 03:05:33.335 GMT+0530,1.09079,1.0906,0.9,0.23
11.04.2022 03:05:43.570 GMT+0530,1.09078,1.0906,0.9,0.23
11.04.2022 03:05:48.545 GMT+0530,1.09077,1.0906,0.9,0.23
11.04.2022 03:05:51.920 GMT+0530,1.09075,1.09051,0.9,1.44
11.04.2022 03:05:51.971 GMT+0530,1.09073,1.09051,0.9,1.44
11.04.2022 03:05:52.126 GMT+0530,1.09073,1.0905,0.9,0.9
11.04.2022 03:05:55.409 GMT+0530,1.09073,1.09048,0.9,0.44
11.04.2022 03:06:02.849 GMT+0530,1.09075,1.09048,0.9,0.44
11.04.2022 03:06:05.512 GMT+0530,1.09074,1.09048,0.9,0.44
11.04.2022 03:06:05.663 GMT+0530,1.09073,1.09048,0.9,0.44
11.04.2022 03:06:58.944 GMT+0530,1.09073,1.09051,0.9,0.9
11.04.2022 03:07:00.930 GMT+0530,1.09073,1.09048,0.9,0.23
11.04.2022 03:07:36.007 GMT+0530,1.09072,1.09048,0.9,0.9
11.04.2022 03:08:02.640 GMT+0530,1.09074,1.09051,0.9,0.9
11.04.2022 03:08:02.742 GMT+0530,1.09075,1.09051,0.9,0.9
11.04.2022 03:08:08.606 GMT+0530,1.09073,1.09051,0.9,0.9
11.04.2022 03:08:08.657 GMT+0530,1.09072,1.09048,0.9,0.9
11.04.2022 03:08:24.782 GMT+0530,1.09077,1.09051,0.9,0.9
11.04.2022 03:09:13.901 GMT+0530,1.09077,1.09053,1.34,0.9
11.04.2022 03:09:43.705 GMT+0530,1.09076,1.09053,0.9,0.9
11.04.2022 03:09:44.178 GMT+0530,1.09078,1.09053,1.34,0.9
11.04.2022 03:09:45.356 GMT+0530,1.09076,1.09054,0.9,0.9
11.04.2022 03:09:56.218 GMT+0530,1.09076,1.09053,0.9,0.9
11.04.2022 03:09:57.217 GMT+0530,1.09077,1.09053,0.9,0.9
11.04.2022 03:10:31.689 GMT+0530,1.09074,1.09053,0.9,0.9
11.04.2022 03:10:31.899 GMT+0530,1.09077,1.09053,0.9,0.9
11.04.2022 03:10:34.016 GMT+0530,1.09078,1.09053,0.48,0.9
11.04.2022 03:10:34.067 GMT+0530,1.09078,1.09058,0.48,0.9
11.04.2022 03:10:39.767 GMT+0530,1.09079,1.09058,2.7,0.9
11.04.2022 03:10:39.869 GMT+0530,1.09078,1.09061,2.7,0.9
11.04.2022 03:10:42.074 GMT+0530,1.09079,1.09059,2.7,0.9
11.04.2022 03:10:49.758 GMT+0530,1.09078,1.09059,0.23,0.9
11.04.2022 03:10:56.817 GMT+0530,1.09079,1.09059,2.7,0.9
11.04.2022 03:11:00.326 GMT+0530,1.09078,1.09061,2.7,0.9
11.04.2022 03:11:01.999 GMT+0530,1.0908,1.0906,0.44,0.9
11.04.2022 03:11:07.025 GMT+0530,1.09074,1.0906,0.23,0.9
11.04.2022 03:11:15.324 GMT+0530,1.09073,1.0906,0.23,0.9
11.04.2022 03:11:26.989 GMT+0530,1.09076,1.09059,0.23,0.9
11.04.2022 03:11:27.040 GMT+0530,1.0908,1.09059,0.44,0.9
11.04.2022 03:11:36.353 GMT+0530,1.0908,1.09058,2.93,0.9
11.04.2022 03:11:38.974 GMT+0530,1.0908,1.09059,2.93,0.9
11.04.2022 03:11:55.741 GMT+0530,1.0908,1.0906,2.93,0.9
11.04.2022 03:11:57.744 GMT+0530,1.0908,1.09059,2.93,0.9
11.04.2022 03:12:15.873 GMT+0530,1.09079,1.09059,0.44,0.9
11.04.2022 03:12:38.366 GMT+0530,1.09075,1.09063,0.23,0.9
11.04.2022 03:12:38.715 GMT+0530,1.09076,1.09061,0.23,0.9
11.04.2022 03:12:38.899 GMT+0530,1.09075,1.09061,0.23,0.9
11.04.2022 03:12:44.320 GMT+0530,1.09074,1.09063,0.23,0.9
11.04.2022 03:12:48.524 GMT+0530,1.09075,1.09061,0.23,0.9
11.04.2022 03:13:13.483 GMT+0530,1.09075,1.0906,0.23,0.9
11.04.2022 03:13:14.989 GMT+0530,1.09075,1.09059,0.23,0.9
11.04.2022 03:13:18.192 GMT+0530,1.09075,1.0906,0.23,0.9
11.04.2022 03:13:38.933 GMT+0530,1.09078,1.0906,0.23,0.9
11.04.2022 03:14:38.928 GMT+0530,1.09078,1.09059,0.23,0.9
11.04.2022 03:14:39.030 GMT+0530,1.09078,1.09058,0.23,0.9
11.04.2022 03:14:40.854 GMT+0530,1.09078,1.09059,0.23,0.9
11.04.2022 03:14:41.858 GMT+0530,1.09077,1.09059,0.23,0.9
11.04.2022 03:15:00.674 GMT+0530,1.09078,1.09056,0.23,0.9
11.04.2022 03:15:36.695 GMT+0530,1.09078,1.09057,0.23,0.9
11.04.2022 03:15:37.031 GMT+0530,1.09078,1.09056,0.23,0.9
11.04.2022 03:15:52.605 GMT+0530,1.09078,1.09057,0.23,0.9
11.04.2022 03:15:52.728 GMT+0530,1.09078,1.09058,0.23,0.9
11.04.2022 03:15:53.349 GMT+0530,1.09078,1.09056,0.23,0.9
11.04.2022 03:15:56.318 GMT+0530,1.09078,1.09057,0.23,0.9
11.04.2022 03:16:00.073 GMT+0530,1.09078,1.09056,0.23,0.9
11.04.2022 03:16:03.500 GMT+0530,1.09078,1.09058,0.23,0.9
11.04.2022 03:16:03.627 GMT+0530,1.09078,1.09057,0.23,0.9
11.04.2022 03:16:03.753 GMT+0530,1.09078,1.09056,0.23,0.9
11.04.2022 03:16:16.129 GMT+0530,1.09076,1.09056,0.9,0.9
11.04.2022 03:16:16.180 GMT+0530,1.0908,1.09056,0.44,0.9
11.04.2022 03:16:18.171 GMT+0530,1.0908,1.09055,0.44,0.9
11.04.2022 03:16:22.579 GMT+0530,1.0908,1.09057,0.44,0.9
11.04.2022 03:16:22.630 GMT+0530,1.09079,1.09056,0.44,0.9
11.04.2022 03:16:30.115 GMT+0530,1.0908,1.09057,0.44,0.9
11.04.2022 03:16:30.827 GMT+0530,1.0908,1.09055,0.44,0.9
11.04.2022 03:16:33.115 GMT+0530,1.0908,1.09058,0.44,0.9
11.04.2022 03:16:33.627 GMT+0530,1.0908,1.09057,0.44,0.9
11.04.2022 03:16:34.071 GMT+0530,1.0908,1.09055,0.44,0.9
11.04.2022 03:16:42.250 GMT+0530,1.09081,1.09055,0.44,0.9
11.04.2022 03:16:46.514 GMT+0530,1.09081,1.09057,0.44,0.9
11.04.2022 03:16:53.076 GMT+0530,1.09081,1.09058,0.44,0.9
11.04.2022 03:16:53.372 GMT+0530,1.09081,1.09057,0.44,0.9
11.04.2022 03:17:05.066 GMT+0530,1.09081,1.09056,0.44,0.9
11.04.2022 03:17:05.736 GMT+0530,1.09081,1.09057,0.44,0.9
11.04.2022 03:17:30.718 GMT+0530,1.09081,1.09055,0.44,0.9
11.04.2022 03:17:41.056 GMT+0530,1.09081,1.09054,0.44,1.13
11.04.2022 03:17:41.259 GMT+0530,1.0908,1.09054,0.44,0.9
11.04.2022 03:17:41.397 GMT+0530,1.09079,1.09054,0.44,0.9
11.04.2022 03:17:41.448 GMT+0530,1.09054,1.09051,0.23,0.9
11.04.2022 03:17:41.499 GMT+0530,1.0907,1.09046,0.9,0.44
11.04.2022 03:17:41.550 GMT+0530,1.09067,1.09048,0.9,0.23
11.04.2022 03:17:41.652 GMT+0530,1.09065,1.09046,2.34,0.44
11.04.2022 03:17:41.754 GMT+0530,1.09051,1.09045,0.9,0.44
11.04.2022 03:17:41.805 GMT+0530,1.09066,1.09044,0.9,0.44
11.04.2022 03:17:41.906 GMT+0530,1.0905,1.0904,0.23,0.44
11.04.2022 03:17:41.957 GMT+0530,1.09066,1.09047,0.9,0.23
11.04.2022 03:17:42.059 GMT+0530,1.09052,1.09043,0.23,1.34
11.04.2022 03:17:42.110 GMT+0530,1.09071,1.09047,0.9,0.23
11.04.2022 03:17:42.161 GMT+0530,1.09061,1.09048,0.44,0.23
11.04.2022 03:17:42.363 GMT+0530,1.09056,1.09047,1.34,0.23
11.04.2022 03:17:42.414 GMT+0530,1.09062,1.09047,0.44,0.23
11.04.2022 03:17:42.551 GMT+0530,1.09056,1.09047,0.44,0.23
11.04.2022 03:17:42.602 GMT+0530,1.09062,1.09047,0.44,0.23
11.04.2022 03:17:42.703 GMT+0530,1.09053,1.09047,0.23,0.23
11.04.2022 03:17:42.754 GMT+0530,1.09062,1.09047,0.44,0.23
11.04.2022 03:17:42.829 GMT+0530,1.09056,1.09048,0.44,0.23
11.04.2022 03:17:42.880 GMT+0530,1.09062,1.09047,0.44,0.23
11.04.2022 03:17:43.211 GMT+0530,1.09063,1.09049,0.44,0.9
11.04.2022 03:17:43.262 GMT+0530,1.09076,1.09051,1.8,0.9
11.04.2022 03:17:43.820 GMT+0530,1.09078,1.09051,0.9,0.9
11.04.2022 03:17:43.921 GMT+0530,1.09079,1.09051,1.85,0.9
11.04.2022 03:17:44.627 GMT+0530,1.09077,1.09051,0.9,0.9
11.04.2022 03:17:44.837 GMT+0530,1.09078,1.09051,0.9,0.9
11.04.2022 03:17:46.031 GMT+0530,1.09078,1.0905,0.9,0.9
11.04.2022 03:17:46.714 GMT+0530,1.09079,1.09051,1.8,0.9
11.04.2022 03:17:47.677 GMT+0530,1.09076,1.09051,0.9,0.9
11.04.2022 03:17:51.627 GMT+0530,1.09079,1.09051,0.9,0.9
11.04.2022 03:17:52.627 GMT+0530,1.09077,1.09051,0.9,0.9
11.04.2022 03:17:55.627 GMT+0530,1.09079,1.09051,0.9,0.9
11.04.2022 03:17:56.627 GMT+0530,1.09078,1.0905,0.9,0.9
11.04.2022 03:18:00.386 GMT+0530,1.09076,1.09048,0.9,0.9
11.04.2022 03:18:00.645 GMT+0530,1.09075,1.09048,0.44,0.9
11.04.2022 03:18:00.903 GMT+0530,1.09067,1.09043,0.44,0.49
11.04.2022 03:18:01.169 GMT+0530,1.09074,1.09046,0.9,0.9
11.04.2022 03:18:01.535 GMT+0530,1.09071,1.09046,0.9,0.9
11.04.2022 03:18:01.637 GMT+0530,1.09071,1.09047,1.8,0.9
11.04.2022 03:18:02.268 GMT+0530,1.0907,1.09047,1.8,0.9
11.04.2022 03:18:04.884 GMT+0530,1.09069,1.09046,0.9,0.9
11.04.2022 03:18:08.302 GMT+0530,1.09069,1.09047,1.8,0.9
11.04.2022 03:18:09.211 GMT+0530,1.09069,1.09049,1.8,0.9
11.04.2022 03:18:09.312 GMT+0530,1.09069,1.09048,1.8,0.9
11.04.2022 03:18:12.007 GMT+0530,1.09067,1.09048,0.9,0.9
11.04.2022 03:18:12.058 GMT+0530,1.09067,1.09044,1.8,0.9
11.04.2022 03:18:12.109 GMT+0530,1.09067,1.09047,1.8,0.9
11.04.2022 03:18:15.772 GMT+0530,1.09067,1.09048,1.8,0.9
11.04.2022 03:18:19.727 GMT+0530,1.09069,1.09048,1.8,0.9
11.04.2022 03:18:25.040 GMT+0530,1.09069,1.0905,1.8,0.9
11.04.2022 03:18:26.046 GMT+0530,1.09069,1.09049,1.8,0.9
11.04.2022 03:18:27.645 GMT+0530,1.0907,1.0905,1.8,0.9
11.04.2022 03:18:37.844 GMT+0530,1.0907,1.09052,1.8,0.9
11.04.2022 03:18:49.565 GMT+0530,1.09071,1.09052,1.8,0.9
11.04.2022 03:18:49.666 GMT+0530,1.09071,1.09053,1.8,0.9
11.04.2022 03:18:50.288 GMT+0530,1.09071,1.09052,1.8,0.9
11.04.2022 03:18:50.339 GMT+0530,1.09071,1.0905,1.8,0.9
11.04.2022 03:18:52.692 GMT+0530,1.09071,1.09051,1.8,0.9
11.04.2022 03:18:52.812 GMT+0530,1.09071,1.09052,1.8,0.9
11.04.2022 03:18:53.204 GMT+0530,1.0907,1.09054,1.8,0.9
11.04.2022 03:18:57.249 GMT+0530,1.09071,1.09052,1.8,0.9
11.04.2022 03:19:00.914 GMT+0530,1.09073,1.09052,1.8,0.9
11.04.2022 03:19:06.575 GMT+0530,1.09073,1.09053,1.8,0.9
11.04.2022 03:19:27.289 GMT+0530,1.09072,1.09052,1.8,0.9
11.04.2022 03:19:41.965 GMT+0530,1.09073,1.09052,1.8,0.9
11.04.2022 03:19:56.854 GMT+0530,1.09074,1.09051,1.8,0.9
11.04.2022 03:20:08.534 GMT+0530,1.09074,1.09054,1.8,0.9
11.04.2022 03:21:08.541 GMT+0530,1.09074,1.09049,1.8,0.9
11.04.2022 03:21:11.821 GMT+0530,1.09073,1.09049,0.9,0.9
11.04.2022 03:21:11.922 GMT+0530,1.09072,1.09049,1.8,0.9
11.04.2022 03:21:31.597 GMT+0530,1.09074,1.0905,1.8,0.9
11.04.2022 03:21:35.133 GMT+0530,1.09074,1.09049,1.8,0.9
11.04.2022 03:21:54.238 GMT+0530,1.09074,1.09048,1.8,0.95
11.04.2022 03:21:54.946 GMT+0530,1.09074,1.09049,1.8,0.9
11.04.2022 03:21:59.663 GMT+0530,1.09074,1.0905,1.8,0.23
11.04.2022 03:22:59.785 GMT+0530,1.09074,1.09049,1.8,1.13
11.04.2022 03:23:02.890 GMT+0530,1.09076,1.09049,1.8,1.16
11.04.2022 03:23:28.170 GMT+0530,1.09073,1.0905,0.9,1.16
11.04.2022 03:24:03.480 GMT+0530,1.09079,1.09068,0.9,0.23
11.04.2022 03:24:03.531 GMT+0530,1.09085,1.09071,2.78,0.9
11.04.2022 03:24:03.582 GMT+0530,1.09085,1.09075,0.44,0.23
11.04.2022 03:24:03.633 GMT+0530,1.09085,1.09068,0.44,0.44
11.04.2022 03:24:03.684 GMT+0530,1.09085,1.09075,0.44,0.23
11.04.2022 03:24:03.794 GMT+0530,1.09087,1.09083,0.9,1.13
11.04.2022 03:24:04.652 GMT+0530,1.09087,1.09084,0.9,0.23
11.04.2022 03:24:04.703 GMT+0530,1.09085,1.09076,0.44,0.23
11.04.2022 03:24:05.082 GMT+0530,1.09085,1.09074,0.44,0.23
11.04.2022 03:24:05.133 GMT+0530,1.09085,1.0907,0.44,1.34
11.04.2022 03:24:06.618 GMT+0530,1.09088,1.09083,0.9,1.13
11.04.2022 03:24:06.720 GMT+0530,1.09093,1.09084,0.44,0.23
11.04.2022 03:24:07.170 GMT+0530,1.09088,1.09083,0.9,1.13
11.04.2022 03:24:08.270 GMT+0530,1.09089,1.09084,0.44,0.23
11.04.2022 03:24:08.732 GMT+0530,1.09089,1.09081,0.44,0.23
11.04.2022 03:24:10.149 GMT+0530,1.09092,1.09081,0.44,0.23
11.04.2022 03:24:10.200 GMT+0530,1.09089,1.09081,0.44,0.23
11.04.2022 03:24:11.154 GMT+0530,1.09088,1.09084,0.9,0.23
11.04.2022 03:24:11.256 GMT+0530,1.09092,1.09084,0.18,0.23
11.04.2022 03:24:20.499 GMT+0530,1.09094,1.09084,0.18,0.17
11.04.2022 03:24:20.550 GMT+0530,1.09119,1.09113,0.44,0.44
11.04.2022 03:24:20.601 GMT+0530,1.0912,1.09085,1.8,0.44
11.04.2022 03:24:20.653 GMT+0530,1.0912,1.09089,0.9,0.23
11.04.2022 03:24:20.704 GMT+0530,1.09122,1.09082,0.44,0.23
11.04.2022 03:24:20.755 GMT+0530,1.0912,1.09082,0.9,0.23
11.04.2022 03:24:23.022 GMT+0530,1.09119,1.09083,0.91,0.23
11.04.2022 03:24:23.683 GMT+0530,1.0912,1.09081,0.91,0.23
11.04.2022 03:24:23.785 GMT+0530,1.09111,1.09081,0.9,0.23
11.04.2022 03:24:24.723 GMT+0530,1.09111,1.09081,0.91,0.23
11.04.2022 03:24:27.214 GMT+0530,1.09115,1.09089,0.9,1.44
11.04.2022 03:24:27.367 GMT+0530,1.09116,1.09081,0.9,0.23
11.04.2022 03:24:30.030 GMT+0530,1.09116,1.09092,0.9,0.44
11.04.2022 03:24:30.131 GMT+0530,1.09122,1.09098,2.7,0.23
11.04.2022 03:24:38.464 GMT+0530,1.0912,1.09098,0.9,0.23
11.04.2022 03:24:39.178 GMT+0530,1.09126,1.09098,1.37,0.23
11.04.2022 03:24:41.079 GMT+0530,1.09126,1.09098,0.44,0.23
11.04.2022 03:24:44.860 GMT+0530,1.09123,1.09098,0.91,0.23
11.04.2022 03:24:49.664 GMT+0530,1.09127,1.09101,0.44,0.23
11.04.2022 03:24:51.499 GMT+0530,1.09126,1.09101,0.44,1.13
11.04.2022 03:25:16.685 GMT+0530,1.09126,1.091,0.9,0.9
11.04.2022 03:25:16.837 GMT+0530,1.0912,1.09093,0.9,0.44
11.04.2022 03:25:16.888 GMT+0530,1.09119,1.09086,0.9,0.91
11.04.2022 03:25:16.939 GMT+0530,1.09116,1.09086,0.9,0.91
11.04.2022 03:25:17.193 GMT+0530,1.0912,1.09087,0.9,0.91
11.04.2022 03:25:18.018 GMT+0530,1.0912,1.09087,0.9,0.91
11.04.2022 03:25:20.183 GMT+0530,1.09118,1.09079,0.91,0.91
11.04.2022 03:25:20.234 GMT+0530,1.09113,1.09079,0.9,0.23
11.04.2022 03:25:21.125 GMT+0530,1.09117,1.09079,0.9,0.23
11.04.2022 03:25:22.990 GMT+0530,1.09117,1.09077,0.9,0.91
11.04.2022 03:25:26.598 GMT+0530,1.09113,1.09079,0.92,0.23
11.04.2022 03:25:27.067 GMT+0530,1.09114,1.09079,0.9,0.23
11.04.2022 03:25:27.118 GMT+0530,1.09116,1.09079,0.9,0.23
11.04.2022 03:25:34.659 GMT+0530,1.09114,1.09078,0.9,0.23
11.04.2022 03:26:06.609 GMT+0530,1.09112,1.09078,0.44,0.23
11.04.2022 03:26:06.711 GMT+0530,1.09102,1.09078,0.9,0.44
11.04.2022 03:26:07.549 GMT+0530,1.09105,1.09078,0.48,0.44
11.04.2022 03:26:09.754 GMT+0530,1.09106,1.09077,1.61,0.44
11.04.2022 03:26:10.881 GMT+0530,1.09105,1.09078,1.6,0.44
11.04.2022 03:26:35.009 GMT+0530,1.09106,1.09084,1.57,1.8
11.04.2022 03:26:49.039 GMT+0530,1.091,1.09083,0.9,1.8
11.04.2022 03:26:49.159 GMT+0530,1.09078,1.09073,0.23,1.8
11.04.2022 03:26:49.210 GMT+0530,1.09078,1.0907,0.23,1.8
11.04.2022 03:26:49.688 GMT+0530,1.09077,1.0907,1.34,1.8
11.04.2022 03:26:49.904 GMT+0530,1.09077,1.09069,1.34,1.8
11.04.2022 03:26:50.081 GMT+0530,1.09077,1.0907,0.23,1.8
11.04.2022 03:26:50.132 GMT+0530,1.09076,1.09067,0.44,1.8
11.04.2022 03:26:52.863 GMT+0530,1.09076,1.09065,0.44,1.8
11.04.2022 03:26:55.085 GMT+0530,1.09077,1.09065,0.44,1.8
11.04.2022 03:26:57.008 GMT+0530,1.09078,1.09065,0.67,1.8
11.04.2022 03:27:01.061 GMT+0530,1.09077,1.0906,0.23,0.94
11.04.2022 03:27:05.517 GMT+0530,1.09078,1.09058,0.23,1.8
11.04.2022 03:27:09.973 GMT+0530,1.09078,1.09059,0.23,0.9
11.04.2022 03:27:10.024 GMT+0530,1.09078,1.09067,0.23,0.94
11.04.2022 03:27:10.207 GMT+0530,1.09078,1.09059,0.23,1.8
11.04.2022 03:27:14.177 GMT+0530,1.09078,1.09068,0.23,0.9
11.04.2022 03:27:14.304 GMT+0530,1.0909,1.09068,1.34,2.7
11.04.2022 03:27:14.355 GMT+0530,1.09099,1.09079,2.34,0.44
11.04.2022 03:27:14.406 GMT+0530,1.09106,1.09082,0.23,0.9
11.04.2022 03:27:14.507 GMT+0530,1.09105,1.09086,0.23,1.8
11.04.2022 03:27:16.578 GMT+0530,1.09104,1.09085,0.23,1.8
11.04.2022 03:27:19.390 GMT+0530,1.09101,1.0908,1.13,1.8
11.04.2022 03:27:19.499 GMT+0530,1.09101,1.09079,1.13,1.8
11.04.2022 03:27:19.676 GMT+0530,1.09101,1.09077,1.13,1.8
11.04.2022 03:27:19.907 GMT+0530,1.09105,1.09077,0.9,1.8
11.04.2022 03:27:22.760 GMT+0530,1.0911,1.0909,0.23,0.23
11.04.2022 03:27:22.993 GMT+0530,1.0911,1.09091,0.23,1.8
11.04.2022 03:27:23.490 GMT+0530,1.091,1.0908,0.9,1.8
11.04.2022 03:27:23.592 GMT+0530,1.09097,1.09068,0.9,1.8
11.04.2022 03:27:23.744 GMT+0530,1.09097,1.09076,0.9,0.9
11.04.2022 03:27:24.492 GMT+0530,1.09105,1.09076,1.8,1.8
11.04.2022 03:27:24.922 GMT+0530,1.09105,1.09079,1.8,1.8
11.04.2022 03:27:25.252 GMT+0530,1.09111,1.09099,0.28,0.23
11.04.2022 03:27:25.354 GMT+0530,1.09111,1.09099,0.23,0.23
11.04.2022 03:27:25.614 GMT+0530,1.091,1.09086,0.9,0.9
11.04.2022 03:27:25.665 GMT+0530,1.091,1.09069,0.9,1.34
11.04.2022 03:27:25.766 GMT+0530,1.091,1.09067,0.9,1.8
11.04.2022 03:27:25.884 GMT+0530,1.091,1.09078,0.9,1.8
11.04.2022 03:27:26.628 GMT+0530,1.09103,1.0908,0.9,1.8
11.04.2022 03:27:28.550 GMT+0530,1.09105,1.09079,0.9,1.8
11.04.2022 03:27:30.332 GMT+0530,1.09105,1.09078,0.9,1.8
11.04.2022 03:27:35.192 GMT+0530,1.09103,1.09079,0.9,1.8
11.04.2022 03:27:36.223 GMT+0530,1.09104,1.0908,0.9,1.8
11.04.2022 03:27:37.459 GMT+0530,1.09104,1.09078,0.9,1.8
11.04.2022 03:27:41.095 GMT+0530,1.09106,1.09078,2.7,1.8
11.04.2022 03:27:42.558 GMT+0530,1.09106,1.09075,2.7,0.9
11.04.2022 03:27:42.675 GMT+0530,1.09106,1.09071,2.7,0.94
11.04.2022 03:27:45.117 GMT+0530,1.09107,1.09074,1.8,0.94
11.04.2022 03:27:45.337 GMT+0530,1.09106,1.09074,0.9,0.94
11.04.2022 03:27:53.536 GMT+0530,1.09104,1.09075,0.9,0.94
11.04.2022 03:27:53.587 GMT+0530,1.09105,1.09067,0.96,0.95
11.04.2022 03:28:14.861 GMT+0530,1.09104,1.09067,1.8,0.95
11.04.2022 03:29:07.929 GMT+0530,1.09102,1.09069,0.9,0.045
11.04.2022 03:29:08.112 GMT+0530,1.09101,1.09069,0.9,0.045
11.04.2022 03:29:10.638 GMT+0530,1.09105,1.09069,0.95,0.045
11.04.2022 03:29:11.627 GMT+0530,1.09101,1.09069,0.9,0.045
11.04.2022 03:29:11.678 GMT+0530,1.09105,1.09069,0.95,0.045
11.04.2022 03:29:25.298 GMT+0530,1.09104,1.09069,0.23,0.045
11.04.2022 03:29:46.649 GMT+0530,1.09096,1.09068,0.23,0.045
11.04.2022 03:29:55.295 GMT+0530,1.09094,1.09069,1.13,0.045
11.04.2022 03:29:55.628 GMT+0530,1.09095,1.09082,1.13,0.44
11.04.2022 03:29:55.680 GMT+0530,1.091,1.09086,1.13,0.23
11.04.2022 03:29:55.917 GMT+0530,1.091,1.09085,0.23,0.23
11.04.2022 03:29:56.619 GMT+0530,1.09108,1.09084,1.13,0.44
11.04.2022 03:30:00.150 GMT+0530,1.09106,1.09087,0.23,0.23
11.04.2022 03:30:00.201 GMT+0530,1.09099,1.09081,0.9,0.44
11.04.2022 03:30:00.252 GMT+0530,1.09101,1.09069,0.44,0.045
11.04.2022 03:30:00.303 GMT+0530,1.09089,1.09069,0.44,0.0422
11.04.2022 03:30:00.354 GMT+0530,1.091,1.09069,0.9,0.44
11.04.2022 03:30:00.455 GMT+0530,1.09113,1.09058,0.44,0.035
11.04.2022 03:30:00.557 GMT+0530,1.09113,1.09057,0.67,0.0206
11.04.2022 03:30:00.608 GMT+0530,1.09109,1.09057,0.67,0.0206
11.04.2022 03:30:00.990 GMT+0530,1.09109,1.09057,0.44,0.0206
11.04.2022 03:30:01.193 GMT+0530,1.09109,1.09044,0.44,0.44
11.04.2022 03:30:01.313 GMT+0530,1.09112,1.09044,0.9,0.44
11.04.2022 03:30:02.293 GMT+0530,1.09112,1.09047,0.44,0.9
11.04.2022 03:30:02.570 GMT+0530,1.09112,1.09045,0.44,0.9
11.04.2022 03:30:02.973 GMT+0530,1.09112,1.09047,0.44,0.9
11.04.2022 03:30:03.136 GMT+0530,1.09116,1.09048,0.44,0.44
11.04.2022 03:30:03.467 GMT+0530,1.09114,1.09048,1.34,0.44
11.04.2022 03:30:03.652 GMT+0530,1.09111,1.09048,0.44,0.44
11.04.2022 03:30:04.112 GMT+0530,1.09096,1.09044,0.9,0.44
11.04.2022 03:30:04.444 GMT+0530,1.09096,1.09053,0.9,0.44
11.04.2022 03:30:04.546 GMT+0530,1.09111,1.09074,0.9,0.9
11.04.2022 03:30:04.597 GMT+0530,1.09118,1.09073,0.9,0.23
11.04.2022 03:30:04.698 GMT+0530,1.09121,1.09073,0.9,0.23
11.04.2022 03:30:05.636 GMT+0530,1.09119,1.09071,1.34,0.44
11.04.2022 03:30:05.738 GMT+0530,1.0912,1.09071,1.34,5.4
11.04.2022 03:30:06.825 GMT+0530,1.0912,1.09072,1.34,0.9
11.04.2022 03:30:07.242 GMT+0530,1.09123,1.09072,4.5,0.23
11.04.2022 03:30:07.500 GMT+0530,1.09124,1.09072,4.5,0.23
11.04.2022 03:30:08.669 GMT+0530,1.09124,1.09073,4.5,0.9
11.04.2022 03:30:08.821 GMT+0530,1.09125,1.09073,4.5,0.9
11.04.2022 03:30:08.922 GMT+0530,1.09124,1.09076,1.34,0.9
11.04.2022 03:30:09.024 GMT+0530,1.09116,1.0908,4.5,4.5
11.04.2022 03:30:09.322 GMT+0530,1.09124,1.09075,1.34,0.9
11.04.2022 03:30:09.828 GMT+0530,1.09124,1.09076,1.34,0.9
11.04.2022 03:30:10.081 GMT+0530,1.09123,1.09076,0.9,0.9
11.04.2022 03:30:10.182 GMT+0530,1.09119,1.09076,1.34,0.9
11.04.2022 03:30:10.425 GMT+0530,1.09119,1.09077,1.34,0.9
11.04.2022 03:30:11.025 GMT+0530,1.09119,1.09084,1.34,0.9
11.04.2022 03:30:16.676 GMT+0530,1.09119,1.09083,1.31,0.9
11.04.2022 03:30:16.777 GMT+0530,1.09119,1.09082,1.31,0.9
11.04.2022 03:30:16.989 GMT+0530,1.09105,1.09081,4.5,0.9
11.04.2022 03:30:17.244 GMT+0530,1.0912,1.09081,0.9,0.9
11.04.2022 03:30:19.337 GMT+0530,1.09118,1.09079,0.9,0.9
11.04.2022 03:30:19.440 GMT+0530,1.091,1.09074,0.44,1.13
11.04.2022 03:30:19.593 GMT+0530,1.091,1.09076,0.44,4.5
11.04.2022 03:30:19.896 GMT+0530,1.09101,1.09074,0.44,5.63
11.04.2022 03:30:20.071 GMT+0530,1.09103,1.09079,4.5,0.9
11.04.2022 03:30:20.359 GMT+0530,1.09106,1.09078,1.8,0.9
11.04.2022 03:30:21.197 GMT+0530,1.09105,1.09081,1.8,0.9
11.04.2022 03:30:21.304 GMT+0530,1.09106,1.09085,1.8,0.9
11.04.2022 03:30:21.406 GMT+0530,1.09106,1.09083,1.8,0.9
11.04.2022 03:30:21.963 GMT+0530,1.09106,1.09082,1.8,0.9
11.04.2022 03:30:22.480 GMT+0530,1.09107,1.09074,1.8,0.9
11.04.2022 03:30:22.532 GMT+0530,1.09107,1.09081,0.9,0.9
11.04.2022 03:30:22.583 GMT+0530,1.09107,1.09078,0.9,0.9
11.04.2022 03:30:22.685 GMT+0530,1.09108,1.09081,1.8,0.9
11.04.2022 03:30:22.813 GMT+0530,1.09108,1.0908,1.8,0.9
11.04.2022 03:30:22.915 GMT+0530,1.09106,1.0908,0.9,0.9
11.04.2022 03:30:23.067 GMT+0530,1.09105,1.0908,1.8,0.9
11.04.2022 03:30:23.540 GMT+0530,1.09105,1.09081,1.8,0.9
11.04.2022 03:30:23.748 GMT+0530,1.09105,1.0908,1.8,0.9
11.04.2022 03:30:24.070 GMT+0530,1.0911,1.0908,8.1,0.9
11.04.2022 03:30:24.289 GMT+0530,1.09106,1.0908,4.5,0.9
11.04.2022 03:30:24.785 GMT+0530,1.09107,1.0908,4.5,0.9
11.04.2022 03:30:24.887 GMT+0530,1.09104,1.09079,0.9,0.9
11.04.2022 03:30:24.989 GMT+0530,1.09098,1.09076,0.9,4.5
11.04.2022 03:30:25.091 GMT+0530,1.091,1.09081,5.4,0.9
11.04.2022 03:30:25.278 GMT+0530,1.09095,1.09082,4.5,0.9
11.04.2022 03:30:25.563 GMT+0530,1.09091,1.09081,4.5,0.9
11.04.2022 03:30:25.790 GMT+0530,1.09096,1.09081,4.5,0.9
11.04.2022 03:30:26.065 GMT+0530,1.09096,1.0908,4.5,0.9
11.04.2022 03:30:26.116 GMT+0530,1.09097,1.09082,4.5,0.9
11.04.2022 03:30:26.269 GMT+0530,1.09097,1.09083,4.5,0.9
11.04.2022 03:30:26.371 GMT+0530,1.09109,1.09077,0.9,0.44
11.04.2022 03:30:26.523 GMT+0530,1.09109,1.09075,0.9,0.9
11.04.2022 03:30:26.625 GMT+0530,1.09108,1.09077,0.9,1.34
11.04.2022 03:30:27.134 GMT+0530,1.09109,1.09083,0.9,0.9
11.04.2022 03:30:27.236 GMT+0530,1.09109,1.09082,0.9,0.9
11.04.2022 03:30:28.308 GMT+0530,1.09109,1.09083,0.9,0.9
11.04.2022 03:30:29.124 GMT+0530,1.09108,1.09083,0.9,0.9
11.04.2022 03:30:29.226 GMT+0530,1.09109,1.09088,0.9,0.44
11.04.2022 03:30:29.429 GMT+0530,1.09109,1.09087,5.4,0.9
11.04.2022 03:30:29.481 GMT+0530,1.09109,1.09081,5.4,0.9
11.04.2022 03:30:29.974 GMT+0530,1.09108,1.09083,0.9,0.9
11.04.2022 03:30:30.124 GMT+0530,1.09105,1.09075,0.9,0.9
11.04.2022 03:30:30.226 GMT+0530,1.09109,1.09075,0.9,0.9
11.04.2022 03:30:30.327 GMT+0530,1.0911,1.09075,5.4,1.8
11.04.2022 03:30:30.429 GMT+0530,1.09111,1.09076,0.9,0.9
11.04.2022 03:30:30.756 GMT+0530,1.09111,1.0908,0.9,0.9
11.04.2022 03:30:30.859 GMT+0530,1.09109,1.0908,0.9,0.9
11.04.2022 03:30:31.685 GMT+0530,1.09109,1.09084,0.9,0.9
11.04.2022 03:30:32.438 GMT+0530,1.09106,1.09085,0.9,0.9
11.04.2022 03:30:32.489 GMT+0530,1.09109,1.09083,0.9,0.9
11.04.2022 03:30:33.035 GMT+0530,1.09107,1.09075,0.9,0.9
11.04.2022 03:30:33.086 GMT+0530,1.09109,1.09079,0.9,0.9
11.04.2022 03:30:33.486 GMT+0530,1.09105,1.09073,0.9,0.9
11.04.2022 03:30:33.538 GMT+0530,1.09105,1.09078,0.9,0.9
11.04.2022 03:30:33.822 GMT+0530,1.09105,1.09073,0.9,0.9
11.04.2022 03:30:33.930 GMT+0530,1.09105,1.09072,0.9,1.8
11.04.2022 03:30:34.103 GMT+0530,1.09104,1.09079,0.9,0.9
11.04.2022 03:30:34.269 GMT+0530,1.09104,1.0908,0.9,0.44
11.04.2022 03:30:34.372 GMT+0530,1.09106,1.09086,4.5,0.9
11.04.2022 03:30:34.522 GMT+0530,1.09108,1.09086,0.9,0.9
11.04.2022 03:30:36.769 GMT+0530,1.09108,1.09084,0.9,0.9
11.04.2022 03:30:36.886 GMT+0530,1.09108,1.09086,0.9,0.9
11.04.2022 03:30:38.265 GMT+0530,1.09108,1.09085,0.9,0.9
11.04.2022 03:30:38.317 GMT+0530,1.09108,1.09083,0.9,0.9
11.04.2022 03:30:38.369 GMT+0530,1.09107,1.09087,0.9,0.9
11.04.2022 03:30:38.845 GMT+0530,1.09108,1.09085,0.9,0.9
11.04.2022 03:30:38.910 GMT+0530,1.09108,1.09082,0.9,0.9
11.04.2022 03:30:38.961 GMT+0530,1.09108,1.09086,0.9,0.9
11.04.2022 03:30:39.578 GMT+0530,1.09109,1.09086,0.9,0.9
11.04.2022 03:30:40.876 GMT+0530,1.09109,1.09085,0.9,0.9
11.04.2022 03:30:40.978 GMT+0530,1.09109,1.09086,0.9,0.9
11.04.2022 03:30:42.149 GMT+0530,1.09106,1.09078,0.9,0.9
11.04.2022 03:30:42.200 GMT+0530,1.09109,1.09079,0.9,0.9
11.04.2022 03:30:42.302 GMT+0530,1.09109,1.0908,0.9,0.9
11.04.2022 03:30:42.827 GMT+0530,1.09107,1.0908,0.9,0.9
11.04.2022 03:30:42.878 GMT+0530,1.09109,1.0908,0.9,0.9
11.04.2022 03:30:43.216 GMT+0530,1.09107,1.0908,0.9,0.9
11.04.2022 03:30:43.318 GMT+0530,1.09108,1.09081,0.9,0.9
11.04.2022 03:30:43.440 GMT+0530,1.09107,1.09079,0.9,0.44
11.04.2022 03:30:43.795 GMT+0530,1.09108,1.09075,0.9,1.34
11.04.2022 03:30:43.926 GMT+0530,1.09107,1.09075,0.23,1.34
11.04.2022 03:30:44.028 GMT+0530,1.09106,1.09082,0.23,0.9
11.04.2022 03:30:44.130 GMT+0530,1.09105,1.09077,0.9,0.9
11.04.2022 03:30:44.181 GMT+0530,1.09105,1.09074,0.9,0.9
11.04.2022 03:30:44.232 GMT+0530,1.09105,1.09077,0.9,0.9
11.04.2022 03:30:45.898 GMT+0530,1.09105,1.09083,0.9,0.9
11.04.2022 03:30:46.000 GMT+0530,1.09104,1.09083,0.9,0.9
11.04.2022 03:30:50.919 GMT+0530,1.09105,1.09083,0.9,0.9
11.04.2022 03:30:52.405 GMT+0530,1.09104,1.09083,0.44,0.9
11.04.2022 03:30:54.544 GMT+0530,1.09104,1.09078,0.44,0.9
11.04.2022 03:30:57.063 GMT+0530,1.09104,1.09079,0.44,0.44
11.04.2022 03:30:58.555 GMT+0530,1.09104,1.09078,0.44,2.24
11.04.2022 03:30:59.557 GMT+0530,1.09103,1.09075,0.9,4.5
11.04.2022 03:30:59.680 GMT+0530,1.09101,1.09076,0.9,4.5
11.04.2022 03:30:59.782 GMT+0530,1.09102,1.0907,0.9,0.9
11.04.2022 03:31:00.060 GMT+0530,1.09094,1.09071,0.44,0.9
11.04.2022 03:31:00.162 GMT+0530,1.09096,1.09069,0.9,0.9
11.04.2022 03:31:00.213 GMT+0530,1.09098,1.09069,1.34,0.9
11.04.2022 03:31:00.315 GMT+0530,1.09096,1.09068,0.9,0.9
11.04.2022 03:31:00.366 GMT+0530,1.09096,1.09064,0.9,0.9
11.04.2022 03:31:01.433 GMT+0530,1.09095,1.09063,0.9,0.9
11.04.2022 03:31:02.297 GMT+0530,1.09095,1.09068,0.9,0.44
11.04.2022 03:31:02.349 GMT+0530,1.09097,1.09069,0.44,0.9
11.04.2022 03:31:02.620 GMT+0530,1.09097,1.0907,1.34,0.9
11.04.2022 03:31:02.809 GMT+0530,1.09098,1.09077,0.9,3.6
11.04.2022 03:31:05.047 GMT+0530,1.09098,1.09076,0.9,0.44
11.04.2022 03:31:05.449 GMT+0530,1.09099,1.09077,0.9,0.44
11.04.2022 03:31:05.500 GMT+0530,1.09097,1.09077,0.9,3.6
11.04.2022 03:31:05.552 GMT+0530,1.09097,1.0907,0.9,3.6
11.04.2022 03:31:05.603 GMT+0530,1.09099,1.09073,0.9,3.6
11.04.2022 03:31:05.705 GMT+0530,1.09098,1.09075,0.9,3.6
11.04.2022 03:31:06.211 GMT+0530,1.091,1.09078,0.9,0.44
11.04.2022 03:31:06.590 GMT+0530,1.091,1.09076,0.9,4.04
11.04.2022 03:31:06.742 GMT+0530,1.09099,1.09078,0.9,3.6
11.04.2022 03:31:06.955 GMT+0530,1.091,1.09075,0.9,3.6
11.04.2022 03:31:07.006 GMT+0530,1.091,1.09072,0.9,0.44
11.04.2022 03:31:07.159 GMT+0530,1.09097,1.09068,0.9,3.6
11.04.2022 03:31:07.261 GMT+0530,1.09097,1.09066,0.9,3.6
11.04.2022 03:31:07.378 GMT+0530,1.09097,1.09065,0.9,0.9
11.04.2022 03:31:09.999 GMT+0530,1.09086,1.09065,0.9,0.9
11.04.2022 03:31:10.101 GMT+0530,1.0908,1.09065,1.34,0.9
11.04.2022 03:31:10.203 GMT+0530,1.09076,1.09065,0.9,0.9
11.04.2022 03:31:10.254 GMT+0530,1.09075,1.09062,0.44,1.34
11.04.2022 03:31:10.559 GMT+0530,1.09072,1.09062,0.44,0.48
11.04.2022 03:31:10.610 GMT+0530,1.0907,1.09059,1.57,0.23
11.04.2022 03:31:10.662 GMT+0530,1.09074,1.0906,1.34,0.44
11.04.2022 03:31:10.713 GMT+0530,1.09072,1.0906,1.57,0.44
11.04.2022 03:31:10.815 GMT+0530,1.09071,1.09063,0.44,0.9
11.04.2022 03:31:10.866 GMT+0530,1.09075,1.09063,1.34,0.9
11.04.2022 03:31:10.917 GMT+0530,1.09072,1.09063,0.9,0.9
11.04.2022 03:31:10.968 GMT+0530,1.09072,1.0906,0.9,0.9
11.04.2022 03:31:11.019 GMT+0530,1.0907,1.0906,0.9,0.9
11.04.2022 03:31:11.172 GMT+0530,1.09077,1.09066,6.53,0.9
11.04.2022 03:31:11.223 GMT+0530,1.09075,1.09063,1.34,0.9
11.04.2022 03:31:11.325 GMT+0530,1.09074,1.09062,0.9,0.9
11.04.2022 03:31:11.376 GMT+0530,1.09074,1.0906,0.9,0.44
11.04.2022 03:31:11.503 GMT+0530,1.09075,1.09061,0.9,1.34
11.04.2022 03:31:11.605 GMT+0530,1.09075,1.09062,0.9,0.9
11.04.2022 03:31:12.101 GMT+0530,1.09072,1.09066,0.9,0.9
11.04.2022 03:31:12.152 GMT+0530,1.09073,1.09062,0.44,0.9
11.04.2022 03:31:12.203 GMT+0530,1.09075,1.09062,0.9,0.9
11.04.2022 03:31:12.254 GMT+0530,1.09073,1.09059,1.34,0.44
11.04.2022 03:31:12.406 GMT+0530,1.09074,1.09059,1.8,0.44
11.04.2022 03:31:12.634 GMT+0530,1.09072,1.09064,0.9,0.9
11.04.2022 03:31:12.685 GMT+0530,1.09075,1.09059,1.34,0.44
11.04.2022 03:31:12.737 GMT+0530,1.09075,1.09061,1.34,0.44
11.04.2022 03:31:12.838 GMT+0530,1.09072,1.09063,1.13,0.44
11.04.2022 03:31:12.940 GMT+0530,1.09073,1.09062,0.44,0.9
11.04.2022 03:31:12.992 GMT+0530,1.09075,1.0906,1.34,0.44
11.04.2022 03:31:13.043 GMT+0530,1.09072,1.09065,0.44,0.9
11.04.2022 03:31:13.094 GMT+0530,1.09075,1.09063,1.34,0.44
11.04.2022 03:31:13.145 GMT+0530,1.09074,1.09061,1.34,0.44
11.04.2022 03:31:13.247 GMT+0530,1.09072,1.09062,0.44,0.44
11.04.2022 03:31:13.722 GMT+0530,1.09072,1.09065,0.44,0.44
11.04.2022 03:31:14.132 GMT+0530,1.09074,1.09064,0.9,0.44
11.04.2022 03:31:14.361 GMT+0530,1.09073,1.09064,0.44,0.44
11.04.2022 03:31:14.640 GMT+0530,1.09075,1.09066,0.9,0.44
11.04.2022 03:31:14.742 GMT+0530,1.0907,1.09061,0.9,0.44
11.04.2022 03:31:14.793 GMT+0530,1.09076,1.09065,0.44,0.44
11.04.2022 03:31:15.109 GMT+0530,1.09077,1.09065,1.34,0.44
11.04.2022 03:31:15.673 GMT+0530,1.09075,1.09065,1.8,0.44
11.04.2022 03:31:15.775 GMT+0530,1.09078,1.09069,5.86,0.9
11.04.2022 03:31:15.877 GMT+0530,1.09074,1.09072,0.9,2.7
11.04.2022 03:31:15.979 GMT+0530,1.09079,1.09069,0.9,1.34
11.04.2022 03:31:16.030 GMT+0530,1.09077,1.09068,0.44,0.44
11.04.2022 03:31:16.081 GMT+0530,1.09078,1.09067,0.9,0.44
11.04.2022 03:31:16.132 GMT+0530,1.09078,1.09073,0.9,0.44
11.04.2022 03:31:16.234 GMT+0530,1.09081,1.09075,0.9,0.44
11.04.2022 03:31:16.336 GMT+0530,1.09082,1.09077,4.5,0.67
11.04.2022 03:31:16.438 GMT+0530,1.09084,1.09077,0.44,0.44
11.04.2022 03:31:16.489 GMT+0530,1.09087,1.09077,0.44,0.44
11.04.2022 03:31:16.591 GMT+0530,1.09088,1.09077,0.9,0.44
11.04.2022 03:31:17.115 GMT+0530,1.09087,1.09077,0.44,0.44
11.04.2022 03:31:17.217 GMT+0530,1.09087,1.09078,0.44,0.44
11.04.2022 03:31:17.268 GMT+0530,1.0908,1.09073,0.9,0.44
11.04.2022 03:31:17.803 GMT+0530,1.09081,1.09073,0.9,0.44
11.04.2022 03:31:17.905 GMT+0530,1.0908,1.09069,1.34,0.44
11.04.2022 03:31:17.957 GMT+0530,1.09081,1.09071,0.9,0.44
11.04.2022 03:31:18.161 GMT+0530,1.09081,1.0907,0.9,0.44
11.04.2022 03:31:18.263 GMT+0530,1.09081,1.09069,2.24,0.44
11.04.2022 03:31:18.467 GMT+0530,1.09081,1.09072,0.9,1.8
11.04.2022 03:31:18.570 GMT+0530,1.0908,1.09068,1.34,0.44
11.04.2022 03:31:18.621 GMT+0530,1.09082,1.09069,0.9,1.8
11.04.2022 03:31:18.673 GMT+0530,1.0908,1.0907,0.9,1.57
11.04.2022 03:31:18.775 GMT+0530,1.09081,1.09071,0.9,0.44
11.04.2022 03:31:18.929 GMT+0530,1.09086,1.09074,0.44,1.8
11.04.2022 03:31:18.980 GMT+0530,1.09087,1.09077,4.96,0.44
11.04.2022 03:31:19.082 GMT+0530,1.09089,1.09078,2.93,0.23
11.04.2022 03:31:19.383 GMT+0530,1.09088,1.09078,2.24,0.44
11.04.2022 03:31:19.599 GMT+0530,1.09089,1.09078,0.9,0.23
11.04.2022 03:31:19.650 GMT+0530,1.0909,1.0908,0.9,0.44
11.04.2022 03:31:19.702 GMT+0530,1.09092,1.09079,0.44,0.67
11.04.2022 03:31:19.855 GMT+0530,1.09091,1.09079,0.9,0.44
11.04.2022 03:31:20.059 GMT+0530,1.09082,1.09079,1.13,0.23
11.04.2022 03:31:20.110 GMT+0530,1.09085,1.09079,0.44,0.23
11.04.2022 03:31:20.162 GMT+0530,1.09086,1.09075,1.34,0.44
11.04.2022 03:31:20.264 GMT+0530,1.09081,1.09077,0.9,0.44
11.04.2022 03:31:20.316 GMT+0530,1.09085,1.09074,1.8,4.96
11.04.2022 03:31:20.418 GMT+0530,1.09085,1.09076,0.9,0.44
11.04.2022 03:31:20.520 GMT+0530,1.09088,1.09077,1.8,0.44
11.04.2022 03:31:20.571 GMT+0530,1.09085,1.09076,1.34,0.44
11.04.2022 03:31:20.673 GMT+0530,1.09084,1.09075,0.44,0.44
11.04.2022 03:31:21.028 GMT+0530,1.09085,1.09075,0.44,0.44
11.04.2022 03:31:21.200 GMT+0530,1.09084,1.09075,0.44,0.44
11.04.2022 03:31:21.251 GMT+0530,1.09089,1.09078,2.24,0.44
11.04.2022 03:31:21.353 GMT+0530,1.09088,1.09078,0.44,0.44
11.04.2022 03:31:21.455 GMT+0530,1.09083,1.09076,1.34,0.44
11.04.2022 03:31:21.607 GMT+0530,1.09084,1.09076,1.34,0.44
11.04.2022 03:31:21.714 GMT+0530,1.09084,1.09075,0.44,0.44
11.04.2022 03:31:22.300 GMT+0530,1.09084,1.09073,0.44,0.44
11.04.2022 03:31:22.351 GMT+0530,1.09085,1.09075,0.9,0.44
11.04.2022 03:31:22.453 GMT+0530,1.09085,1.09074,1.34,0.44
11.04.2022 03:31:22.555 GMT+0530,1.09084,1.09076,1.34,0.44
11.04.2022 03:31:23.456 GMT+0530,1.09085,1.09073,0.9,0.44
11.04.2022 03:31:23.558 GMT+0530,1.09085,1.09074,0.9,0.44
11.04.2022 03:31:24.148 GMT+0530,1.09086,1.09074,0.9,0.44
11.04.2022 03:31:24.250 GMT+0530,1.09085,1.09074,0.9,0.44
11.04.2022 03:31:24.608 GMT+0530,1.0908,1.09073,1.13,0.44
11.04.2022 03:31:24.659 GMT+0530,1.0908,1.09069,0.9,0.44
11.04.2022 03:31:24.761 GMT+0530,1.0908,1.09068,0.9,4.96
11.04.2022 03:31:24.812 GMT+0530,1.09082,1.09074,1.34,0.44
11.04.2022 03:31:24.863 GMT+0530,1.09082,1.09072,1.13,0.48
11.04.2022 03:31:24.914 GMT+0530,1.09082,1.09069,0.9,0.44
11.04.2022 03:31:25.016 GMT+0530,1.09081,1.09068,0.9,0.44
11.04.2022 03:31:25.886 GMT+0530,1.09082,1.0907,0.9,0.44
11.04.2022 03:31:26.340 GMT+0530,1.09082,1.09071,1.8,0.44
11.04.2022 03:31:27.313 GMT+0530,1.09081,1.09071,0.44,0.44
11.04.2022 03:31:27.415 GMT+0530,1.09081,1.0907,1.8,0.44
11.04.2022 03:31:28.554 GMT+0530,1.09083,1.09072,5.4,0.9
11.04.2022 03:31:28.656 GMT+0530,1.09082,1.09069,1.34,0.44
11.04.2022 03:31:28.790 GMT+0530,1.09083,1.0907,1.8,0.44
11.04.2022 03:31:29.074 GMT+0530,1.0908,1.09067,0.9,0.44
11.04.2022 03:31:29.176 GMT+0530,1.0908,1.09066,0.9,0.44
11.04.2022 03:31:29.767 GMT+0530,1.09081,1.09068,0.9,0.44
11.04.2022 03:31:29.869 GMT+0530,1.09081,1.09069,0.9,0.44
11.04.2022 03:31:32.237 GMT+0530,1.0908,1.09068,1.34,0.44
11.04.2022 03:31:32.812 GMT+0530,1.09079,1.09068,1.8,0.44
11.04.2022 03:31:32.941 GMT+0530,1.09077,1.09069,0.9,0.44
11.04.2022 03:31:34.179 GMT+0530,1.09076,1.09069,0.9,0.44
11.04.2022 03:31:34.230 GMT+0530,1.09078,1.0907,1.8,0.44
11.04.2022 03:31:34.484 GMT+0530,1.0908,1.09069,1.34,0.44
11.04.2022 03:31:34.745 GMT+0530,1.09078,1.09069,0.9,0.44
11.04.2022 03:31:35.213 GMT+0530,1.09078,1.0907,0.9,0.9
11.04.2022 03:31:35.315 GMT+0530,1.09078,1.09071,0.9,0.9
11.04.2022 03:31:35.468 GMT+0530,1.09078,1.09069,0.9,0.44
11.04.2022 03:31:35.869 GMT+0530,1.09078,1.09071,0.9,1.34
11.04.2022 03:31:35.971 GMT+0530,1.09076,1.09071,1.34,0.44
11.04.2022 03:31:36.073 GMT+0530,1.09073,1.09068,1.34,0.44
11.04.2022 03:31:37.136 GMT+0530,1.09076,1.09068,0.9,0.44
11.04.2022 03:31:37.289 GMT+0530,1.09081,1.09068,6.76,0.48
11.04.2022 03:31:37.391 GMT+0530,1.09079,1.0907,0.9,0.44
11.04.2022 03:31:38.049 GMT+0530,1.0908,1.0907,0.9,0.44
11.04.2022 03:31:38.151 GMT+0530,1.09079,1.0907,0.9,0.44
11.04.2022 03:31:38.253 GMT+0530,1.09079,1.09069,0.9,0.44
11.04.2022 03:31:38.780 GMT+0530,1.09081,1.0907,1.34,0.44
11.04.2022 03:31:39.777 GMT+0530,1.0908,1.0907,0.9,0.44
11.04.2022 03:31:40.763 GMT+0530,1.0908,1.09071,0.9,0.44
11.04.2022 03:31:40.814 GMT+0530,1.09078,1.0907,0.9,0.44
11.04.2022 03:31:42.088 GMT+0530,1.09078,1.09071,0.036,0.44
11.04.2022 03:31:42.190 GMT+0530,1.09079,1.09071,1.34,0.44
11.04.2022 03:31:42.313 GMT+0530,1.09081,1.09071,0.23,1.57
11.04.2022 03:31:42.416 GMT+0530,1.09082,1.09072,1.34,0.44
11.04.2022 03:31:43.244 GMT+0530,1.09084,1.09073,0.9,0.44
11.04.2022 03:31:43.346 GMT+0530,1.09085,1.09073,1.8,0.44
11.04.2022 03:31:45.025 GMT+0530,1.09083,1.09073,1.34,0.44
11.04.2022 03:31:45.077 GMT+0530,1.09071,1.09067,0.9,4.5
11.04.2022 03:31:45.128 GMT+0530,1.09074,1.09067,1.8,4.5
11.04.2022 03:31:45.230 GMT+0530,1.09079,1.09067,2.93,5.17
11.04.2022 03:31:45.333 GMT+0530,1.09078,1.09067,0.44,0.67
11.04.2022 03:31:45.831 GMT+0530,1.09074,1.09067,1.13,0.44
11.04.2022 03:31:45.883 GMT+0530,1.09078,1.09067,2.03,0.44
11.04.2022 03:31:47.614 GMT+0530,1.09079,1.09068,0.9,1.34
11.04.2022 03:31:48.087 GMT+0530,1.09078,1.09068,0.9,0.44
11.04.2022 03:31:48.138 GMT+0530,1.0908,1.0907,0.9,0.44
11.04.2022 03:31:48.587 GMT+0530,1.09079,1.09068,0.44,0.44
11.04.2022 03:31:48.638 GMT+0530,1.09079,1.0907,0.9,0.44
11.04.2022 03:31:48.740 GMT+0530,1.0908,1.0907,0.9,0.44
11.04.2022 03:31:49.470 GMT+0530,1.0908,1.09069,0.44,0.44
11.04.2022 03:31:49.940 GMT+0530,1.09079,1.09068,0.44,0.44
11.04.2022 03:31:50.143 GMT+0530,1.09079,1.09067,0.44,0.44
11.04.2022 03:31:50.346 GMT+0530,1.0908,1.09067,2.03,0.44
11.04.2022 03:31:50.859 GMT+0530,1.09081,1.09067,1.34,0.44
11.04.2022 03:31:50.961 GMT+0530,1.09081,1.09074,1.13,0.23
11.04.2022 03:31:51.063 GMT+0530,1.09083,1.09076,2.47,0.23
11.04.2022 03:31:51.114 GMT+0530,1.09088,1.09079,1.8,0.23
11.04.2022 03:31:51.217 GMT+0530,1.09089,1.0908,4.73,0.23
11.04.2022 03:31:51.545 GMT+0530,1.09092,1.0908,1.8,0.23
11.04.2022 03:31:51.982 GMT+0530,1.09088,1.0908,1.8,0.23
11.04.2022 03:31:52.333 GMT+0530,1.09088,1.09082,0.9,0.9
11.04.2022 03:31:52.385 GMT+0530,1.09093,1.09082,5.86,0.9
11.04.2022 03:31:52.436 GMT+0530,1.09092,1.0908,0.9,0.23
11.04.2022 03:31:52.639 GMT+0530,1.09093,1.0908,2.7,0.23
11.04.2022 03:31:54.961 GMT+0530,1.09092,1.0908,0.44,0.23
11.04.2022 03:31:56.514 GMT+0530,1.09091,1.0908,0.9,0.23
11.04.2022 03:31:56.565 GMT+0530,1.09088,1.0908,0.9,0.23
11.04.2022 03:31:57.948 GMT+0530,1.09089,1.0908,1.8,0.23
11.04.2022 03:31:59.405 GMT+0530,1.09094,1.09081,8.1,2.03
11.04.2022 03:31:59.507 GMT+0530,1.09092,1.09081,0.44,0.23
11.04.2022 03:32:00.075 GMT+0530,1.09092,1.09085,1.55,0.23
11.04.2022 03:32:00.177 GMT+0530,1.09092,1.09081,1.55,0.23
11.04.2022 03:32:00.784 GMT+0530,1.09092,1.09084,1.1,0.44
11.04.2022 03:32:00.886 GMT+0530,1.09092,1.09083,1.1,3.6
11.04.2022 03:32:00.988 GMT+0530,1.09092,1.09083,2.9,0.23
11.04.2022 03:32:02.462 GMT+0530,1.09092,1.09083,1.1,3.6
11.04.2022 03:32:02.770 GMT+0530,1.09092,1.09084,1.1,0.44
11.04.2022 03:32:04.538 GMT+0530,1.09085,1.09081,0.9,3.6
11.04.2022 03:32:04.590 GMT+0530,1.09085,1.09076,0.9,0.67
11.04.2022 03:32:04.641 GMT+0530,1.09084,1.09081,0.9,3.6
11.04.2022 03:32:05.356 GMT+0530,1.09083,1.09079,0.44,3.6
11.04.2022 03:32:05.718 GMT+0530,1.09088,1.0908,1.1,3.6
11.04.2022 03:32:05.820 GMT+0530,1.09088,1.09079,1.1,0.9
11.04.2022 03:32:05.922 GMT+0530,1.09089,1.09079,2.9,0.9
11.04.2022 03:32:06.130 GMT+0530,1.09087,1.09079,0.23,0.9
11.04.2022 03:32:06.233 GMT+0530,1.09084,1.09073,0.9,4.96
11.04.2022 03:32:06.488 GMT+0530,1.09084,1.0907,1.8,3.6
11.04.2022 03:32:07.782 GMT+0530,1.09081,1.0907,0.9,3.6
11.04.2022 03:32:09.533 GMT+0530,1.09082,1.0907,0.9,3.6
11.04.2022 03:32:09.694 GMT+0530,1.09078,1.09067,0.9,0.23
11.04.2022 03:32:09.745 GMT+0530,1.09079,1.09065,0.9,3.83
11.04.2022 03:32:09.847 GMT+0530,1.09078,1.09065,0.9,3.83
11.04.2022 03:32:10.000 GMT+0530,1.09077,1.09065,0.9,0.23
11.04.2022 03:32:11.891 GMT+0530,1.09079,1.09068,0.9,3.6
11.04.2022 03:32:11.994 GMT+0530,1.09077,1.09069,0.9,3.6
11.04.2022 03:32:12.258 GMT+0530,1.09077,1.09065,0.9,0.23
11.04.2022 03:32:12.567 GMT+0530,1.09079,1.09071,0.9,0.23
11.04.2022 03:32:12.669 GMT+0530,1.0908,1.09071,2.9,0.23
11.04.2022 03:32:12.968 GMT+0530,1.0908,1.09073,2,0.23
11.04.2022 03:32:13.021 GMT+0530,1.09083,1.09075,2,0.9
11.04.2022 03:32:13.074 GMT+0530,1.09082,1.09073,4.02,3.6
11.04.2022 03:32:13.177 GMT+0530,1.09081,1.09071,0.9,0.23
11.04.2022 03:32:13.228 GMT+0530,1.0908,1.09074,0.9,3.6
11.04.2022 03:32:13.452 GMT+0530,1.09079,1.09073,1.1,3.6
11.04.2022 03:32:13.554 GMT+0530,1.0908,1.09073,1.13,3.6
11.04.2022 03:32:13.781 GMT+0530,1.09081,1.09073,3.12,3.6
11.04.2022 03:32:14.183 GMT+0530,1.09081,1.09075,2,3.6
11.04.2022 03:32:14.285 GMT+0530,1.0908,1.09075,1.1,4.5
11.04.2022 03:32:14.488 GMT+0530,1.09082,1.09071,2,0.23
11.04.2022 03:32:15.119 GMT+0530,1.09081,1.09071,1.1,0.23
11.04.2022 03:32:15.484 GMT+0530,1.09082,1.09073,2,3.6
11.04.2022 03:32:15.867 GMT+0530,1.09081,1.09071,1.1,0.23
11.04.2022 03:32:17.205 GMT+0530,1.09078,1.09068,0.23,0.44
11.04.2022 03:32:17.307 GMT+0530,1.09076,1.09067,1.34,4.5
11.04.2022 03:32:17.409 GMT+0530,1.09077,1.09067,0.9,4.5
11.04.2022 03:32:17.460 GMT+0530,1.09078,1.09065,2,0.23
11.04.2022 03:32:17.582 GMT+0530,1.09077,1.09064,2.7,3.6
11.04.2022 03:32:17.684 GMT+0530,1.09076,1.09064,0.9,3.6
11.04.2022 03:32:20.492 GMT+0530,1.09077,1.09064,3.8,3.6
11.04.2022 03:32:22.694 GMT+0530,1.09077,1.09065,1.8,0.23
11.04.2022 03:32:22.796 GMT+0530,1.09077,1.09064,0.9,4.5
11.04.2022 03:32:24.034 GMT+0530,1.09078,1.09064,1.8,4.5
11.04.2022 03:32:29.678 GMT+0530,1.09078,1.09066,0.9,0.23
11.04.2022 03:32:29.780 GMT+0530,1.09079,1.09066,2.7,0.23
11.04.2022 03:32:31.303 GMT+0530,1.09083,1.09076,1.1,4.94
11.04.2022 03:32:31.457 GMT+0530,1.09082,1.09072,2.7,3.6
11.04.2022 03:32:31.510 GMT+0530,1.09082,1.0907,2.7,4.04
11.04.2022 03:32:31.614 GMT+0530,1.0908,1.09067,0.9,3.6
11.04.2022 03:32:31.716 GMT+0530,1.09079,1.09066,0.9,3.83
11.04.2022 03:32:32.154 GMT+0530,1.09078,1.09066,0.9,0.23
11.04.2022 03:32:33.478 GMT+0530,1.09078,1.09068,2.7,3.6
11.04.2022 03:32:34.162 GMT+0530,1.0908,1.09068,0.9,4.5
11.04.2022 03:32:34.214 GMT+0530,1.09078,1.09067,0.9,0.23
11.04.2022 03:32:34.667 GMT+0530,1.09079,1.09067,0.9,0.23
11.04.2022 03:32:36.703 GMT+0530,1.09079,1.09066,0.9,1.13
11.04.2022 03:32:38.779 GMT+0530,1.0908,1.09067,0.9,0.23
11.04.2022 03:32:39.033 GMT+0530,1.0908,1.09069,0.9,3.6
11.04.2022 03:32:39.291 GMT+0530,1.0908,1.09067,2.7,0.23
11.04.2022 03:32:40.635 GMT+0530,1.09081,1.09066,2.7,4.5
11.04.2022 03:32:41.132 GMT+0530,1.09083,1.09072,2,0.9
11.04.2022 03:32:41.234 GMT+0530,1.09084,1.09072,5.4,0.9
11.04.2022 03:32:41.687 GMT+0530,1.09083,1.09072,0.9,0.44
11.04.2022 03:32:41.789 GMT+0530,1.09083,1.09072,0.9,0.44
11.04.2022 03:32:41.891 GMT+0530,1.09082,1.0907,0.9,0.44
11.04.2022 03:32:41.992 GMT+0530,1.09081,1.0907,0.9,0.44
11.04.2022 03:32:42.514 GMT+0530,1.09079,1.09066,0.9,0.44
11.04.2022 03:32:42.565 GMT+0530,1.0908,1.0907,1.34,0.44
11.04.2022 03:32:42.617 GMT+0530,1.09082,1.0907,3.8,3.6
11.04.2022 03:32:42.668 GMT+0530,1.09079,1.09074,0.9,3.6
11.04.2022 03:32:42.719 GMT+0530,1.09082,1.0907,2.9,3.6
11.04.2022 03:32:42.821 GMT+0530,1.09082,1.09069,2.9,4.94
11.04.2022 03:32:45.122 GMT+0530,1.09073,1.09062,1.1,8.1
11.04.2022 03:32:45.225 GMT+0530,1.09074,1.09062,1.8,9
11.04.2022 03:32:45.326 GMT+0530,1.09076,1.09062,2.7,9
11.04.2022 03:32:46.757 GMT+0530,1.09076,1.09064,2.7,0.23
11.04.2022 03:32:50.481 GMT+0530,1.09072,1.09061,0.9,3.83
11.04.2022 03:32:50.583 GMT+0530,1.09071,1.09063,0.9,0.9
11.04.2022 03:32:52.284 GMT+0530,1.09075,1.09061,2,4.73
11.04.2022 03:32:52.385 GMT+0530,1.09076,1.09062,2,0.9
11.04.2022 03:32:53.029 GMT+0530,1.09073,1.09061,0.9,3.83
11.04.2022 03:32:53.220 GMT+0530,1.09073,1.09063,0.9,3.6
11.04.2022 03:32:53.271 GMT+0530,1.09072,1.09061,1.1,0.23
11.04.2022 03:32:53.322 GMT+0530,1.09073,1.09067,0.9,3.6
11.04.2022 03:32:53.373 GMT+0530,1.09076,1.09063,0.9,3.83
11.04.2022 03:32:58.470 GMT+0530,1.09069,1.09061,1.1,0.23
11.04.2022 03:32:58.521 GMT+0530,1.09073,1.09062,1.1,1.13
11.04.2022 03:32:58.573 GMT+0530,1.09076,1.09062,2,0.9
11.04.2022 03:32:59.686 GMT+0530,1.09073,1.09062,0.44,0.9
11.04.2022 03:32:59.788 GMT+0530,1.09071,1.09062,2.22,0.23
11.04.2022 03:32:59.890 GMT+0530,1.09072,1.09063,0.9,3.6
11.04.2022 03:33:00.111 GMT+0530,1.09073,1.09063,1.8,3.6
11.04.2022 03:33:00.162 GMT+0530,1.09072,1.0906,0.44,0.9
11.04.2022 03:33:00.473 GMT+0530,1.09073,1.09065,0.9,0.9
11.04.2022 03:33:00.525 GMT+0530,1.09073,1.09061,0.9,0.44
11.04.2022 03:33:00.576 GMT+0530,1.09077,1.09066,7.4,3.6
11.04.2022 03:33:00.627 GMT+0530,1.09076,1.09065,5.6,4.73
11.04.2022 03:33:00.746 GMT+0530,1.09076,1.09068,1.1,0.9
11.04.2022 03:33:00.797 GMT+0530,1.09081,1.09067,0.9,0.9
11.04.2022 03:33:00.848 GMT+0530,1.09083,1.09074,0.44,0.44
11.04.2022 03:33:00.950 GMT+0530,1.09084,1.09074,5.4,0.44
11.04.2022 03:33:01.001 GMT+0530,1.09086,1.09075,1.8,1.34
11.04.2022 03:33:01.154 GMT+0530,1.09086,1.09078,0.9,3.6
11.04.2022 03:33:01.256 GMT+0530,1.09086,1.09077,0.9,3.6
11.04.2022 03:33:01.358 GMT+0530,1.09086,1.09078,0.9,3.6
11.04.2022 03:33:01.459 GMT+0530,1.09086,1.09076,0.9,1.34
11.04.2022 03:33:01.612 GMT+0530,1.09081,1.09078,0.9,3.6
11.04.2022 03:33:01.663 GMT+0530,1.09086,1.09075,2.7,4.5
11.04.2022 03:33:01.765 GMT+0530,1.09086,1.09076,1.8,3.6
11.04.2022 03:33:02.891 GMT+0530,1.09082,1.09076,0.09,3.6
11.04.2022 03:33:02.992 GMT+0530,1.09082,1.09075,0.09,1.34
11.04.2022 03:33:03.150 GMT+0530,1.09082,1.09076,0.09,3.6
11.04.2022 03:33:03.271 GMT+0530,1.09085,1.09076,2.93,0.9
11.04.2022 03:33:03.322 GMT+0530,1.09081,1.09076,0.09,0.9
11.04.2022 03:33:03.431 GMT+0530,1.09085,1.09073,2.7,3.6
11.04.2022 03:33:03.533 GMT+0530,1.09085,1.09072,2.7,1.34
11.04.2022 03:33:04.333 GMT+0530,1.09085,1.09071,3.6,1.34
11.04.2022 03:33:04.734 GMT+0530,1.09083,1.09071,0.09,0.44
11.04.2022 03:33:05.065 GMT+0530,1.09083,1.0907,0.09,4.94
11.04.2022 03:33:05.117 GMT+0530,1.09085,1.09071,3.6,1.34
11.04.2022 03:33:05.219 GMT+0530,1.09085,1.09072,3.6,3.6
11.04.2022 03:33:05.397 GMT+0530,1.09084,1.09072,0.9,3.6
11.04.2022 03:33:05.868 GMT+0530,1.09083,1.0907,0.9,4.04
11.04.2022 03:33:06.282 GMT+0530,1.09082,1.09069,0.9,5.4
11.04.2022 03:33:06.818 GMT+0530,1.0908,1.09068,0.9,0.44
11.04.2022 03:33:06.869 GMT+0530,1.0908,1.09066,0.9,5.17
11.04.2022 03:33:07.869 GMT+0530,1.0908,1.09067,0.9,0.23
11.04.2022 03:33:07.972 GMT+0530,1.09079,1.09067,2,3.83
11.04.2022 03:33:08.594 GMT+0530,1.09079,1.09066,2,4.04
11.04.2022 03:33:09.135 GMT+0530,1.09075,1.09067,0.9,4.04
11.04.2022 03:33:09.236 GMT+0530,1.09076,1.09065,0.9,1.13
11.04.2022 03:33:17.724 GMT+0530,1.09074,1.09064,2,1.13
11.04.2022 03:33:17.775 GMT+0530,1.09076,1.09064,2.09,1.13
11.04.2022 03:33:18.727 GMT+0530,1.09074,1.09066,0.9,3.6
11.04.2022 03:33:18.778 GMT+0530,1.09075,1.09065,2.09,1.13
11.04.2022 03:33:19.418 GMT+0530,1.09077,1.09066,2,0.23
11.04.2022 03:33:21.000 GMT+0530,1.09076,1.09068,1.1,3.6
11.04.2022 03:33:22.131 GMT+0530,1.0908,1.09067,1.8,4.04
11.04.2022 03:33:30.537 GMT+0530,1.09081,1.09067,0.9,4.94
11.04.2022 03:33:30.588 GMT+0530,1.09082,1.0907,4.25,3.6
11.04.2022 03:33:33.119 GMT+0530,1.09083,1.0907,3.14,1.8
11.04.2022 03:33:33.221 GMT+0530,1.09082,1.09071,1.1,4.04
11.04.2022 03:33:33.811 GMT+0530,1.09082,1.09073,1.1,3.6
11.04.2022 03:33:36.858 GMT+0530,1.09081,1.09071,1.1,0.9
11.04.2022 03:33:37.010 GMT+0530,1.09079,1.0907,1.8,0.44
11.04.2022 03:33:37.113 GMT+0530,1.09079,1.09068,2.24,1.8
11.04.2022 03:33:37.164 GMT+0530,1.09077,1.09068,1.1,1.8
11.04.2022 03:33:38.751 GMT+0530,1.09078,1.09071,2,3.6
11.04.2022 03:33:38.853 GMT+0530,1.09079,1.09071,2,3.6
11.04.2022 03:33:39.696 GMT+0530,1.09082,1.09072,0.9,1.8
11.04.2022 03:33:39.798 GMT+0530,1.09083,1.09073,4.5,2.7
11.04.2022 03:33:39.935 GMT+0530,1.09086,1.09074,0.9,1.8
11.04.2022 03:33:41.968 GMT+0530,1.09084,1.09075,0.9,1.8
11.04.2022 03:33:42.019 GMT+0530,1.09083,1.09071,3.35,1.8
11.04.2022 03:33:42.070 GMT+0530,1.09082,1.09076,2,0.9
11.04.2022 03:33:42.172 GMT+0530,1.0909,1.09081,0.44,4.5
11.04.2022 03:33:42.224 GMT+0530,1.09091,1.09085,0.44,0.9
11.04.2022 03:33:42.326 GMT+0530,1.09096,1.09086,0.9,0.9
11.04.2022 03:33:42.377 GMT+0530,1.09097,1.09089,1.1,3.6
11.04.2022 03:33:42.478 GMT+0530,1.09097,1.09086,2,1.8
11.04.2022 03:33:42.637 GMT+0530,1.09087,1.09082,1.1,0.9
11.04.2022 03:33:42.688 GMT+0530,1.09088,1.09078,2.9,4.5
11.04.2022 03:33:42.739 GMT+0530,1.09083,1.09075,1.1,1.8
11.04.2022 03:33:42.790 GMT+0530,1.09086,1.09075,0.9,1.8
11.04.2022 03:33:42.994 GMT+0530,1.09085,1.09076,0.9,1.8
11.04.2022 03:33:43.045 GMT+0530,1.09085,1.09074,0.9,1.8
11.04.2022 03:33:43.147 GMT+0530,1.09085,1.09073,0.9,1.8
11.04.2022 03:33:44.313 GMT+0530,1.09081,1.09072,0.9,1.8
11.04.2022 03:33:44.499 GMT+0530,1.09078,1.09072,1.1,0.9
11.04.2022 03:33:44.601 GMT+0530,1.09078,1.0907,1.1,5.4
11.04.2022 03:33:45.909 GMT+0530,1.09082,1.09076,1.1,4.73
11.04.2022 03:33:45.960 GMT+0530,1.09084,1.09071,2,7.43
11.04.2022 03:33:46.062 GMT+0530,1.09083,1.09071,2,2.93
11.04.2022 03:33:46.164 GMT+0530,1.09075,1.09068,0.9,3.6
11.04.2022 03:33:46.215 GMT+0530,1.09074,1.09065,1.34,1.8
11.04.2022 03:33:46.266 GMT+0530,1.09075,1.09069,1.1,4.5
11.04.2022 03:33:46.317 GMT+0530,1.09078,1.09069,1.1,5.4
11.04.2022 03:33:46.368 GMT+0530,1.0908,1.09069,1.1,5.4
11.04.2022 03:33:46.653 GMT+0530,1.09079,1.0907,1.1,3.6
11.04.2022 03:33:49.342 GMT+0530,1.09079,1.09075,1.1,1.34
11.04.2022 03:33:49.393 GMT+0530,1.091,1.09095,6.5,0.9
11.04.2022 03:33:49.445 GMT+0530,1.09099,1.09093,0.9,0.44
11.04.2022 03:33:49.496 GMT+0530,1.091,1.09095,4.5,1.34
11.04.2022 03:33:49.547 GMT+0530,1.09104,1.091,1.1,4.5
11.04.2022 03:33:49.599 GMT+0530,1.09108,1.09102,1.1,3.6
11.04.2022 03:33:49.650 GMT+0530,1.09106,1.09098,1.1,3.6
11.04.2022 03:33:49.904 GMT+0530,1.09107,1.09098,1.1,5.4
11.04.2022 03:33:50.006 GMT+0530,1.09108,1.09098,1.1,5.4
11.04.2022 03:33:50.261 GMT+0530,1.09111,1.09104,1.1,3.6
11.04.2022 03:33:50.363 GMT+0530,1.09111,1.09104,1.1,3.6
11.04.2022 03:33:50.570 GMT+0530,1.09111,1.09103,1.1,1.8
11.04.2022 03:33:53.744 GMT+0530,1.09111,1.09106,0.9,0.9
11.04.2022 03:33:53.846 GMT+0530,1.09117,1.09115,0.44,0.9
11.04.2022 03:33:53.897 GMT+0530,1.09129,1.09126,4.5,0.9
11.04.2022 03:33:53.999 GMT+0530,1.09142,1.09138,4.96,3.6
11.04.2022 03:33:54.051 GMT+0530,1.09139,1.09132,1.8,1.34
11.04.2022 03:33:54.204 GMT+0530,1.09132,1.09125,0.9,0.9
11.04.2022 03:33:54.306 GMT+0530,1.09133,1.09127,0.9,0.9
11.04.2022 03:33:54.407 GMT+0530,1.09132,1.09126,0.9,0.9
11.04.2022 03:33:54.509 GMT+0530,1.09132,1.09125,0.9,0.9
11.04.2022 03:33:54.560 GMT+0530,1.09131,1.09123,0.9,1.8
11.04.2022 03:33:54.662 GMT+0530,1.09132,1.09123,0.9,1.8
11.04.2022 03:33:54.821 GMT+0530,1.0913,1.09123,0.9,1.8
11.04.2022 03:33:54.872 GMT+0530,1.09131,1.09125,0.9,1.8
11.04.2022 03:33:55.402 GMT+0530,1.0913,1.09122,0.9,1.8
11.04.2022 03:33:55.503 GMT+0530,1.0913,1.09123,0.9,0.9
11.04.2022 03:33:55.605 GMT+0530,1.09132,1.09122,1.34,1.8
11.04.2022 03:33:55.707 GMT+0530,1.09135,1.09126,0.9,1.8
11.04.2022 03:33:55.809 GMT+0530,1.09133,1.09125,0.9,1.8
11.04.2022 03:33:56.106 GMT+0530,1.0913,1.09124,0.9,0.9
11.04.2022 03:33:56.157 GMT+0530,1.09129,1.09122,0.9,0.9
11.04.2022 03:33:56.259 GMT+0530,1.09131,1.09122,0.9,1.8
11.04.2022 03:33:56.361 GMT+0530,1.09131,1.09123,0.9,1.8
11.04.2022 03:33:56.514 GMT+0530,1.09131,1.09124,0.9,1.8
11.04.2022 03:33:57.955 GMT+0530,1.09136,1.09126,0.9,1.8
11.04.2022 03:33:58.006 GMT+0530,1.09133,1.09126,0.9,1.8
11.04.2022 03:33:58.710 GMT+0530,1.09133,1.09125,0.9,1.8
11.04.2022 03:33:59.068 GMT+0530,1.0913,1.09124,0.9,1.8
11.04.2022 03:33:59.119 GMT+0530,1.09132,1.09124,0.9,1.8
11.04.2022 03:33:59.221 GMT+0530,1.09131,1.09124,0.9,1.8
11.04.2022 03:33:59.323 GMT+0530,1.0913,1.09124,0.9,1.8
11.04.2022 03:34:00.172 GMT+0530,1.09131,1.09124,0.9,0.9
11.04.2022 03:34:00.223 GMT+0530,1.09133,1.09123,0.9,1.8
11.04.2022 03:34:00.275 GMT+0530,1.09131,1.09122,0.9,1.8
11.04.2022 03:34:00.377 GMT+0530,1.09132,1.0912,0.9,0.9
11.04.2022 03:34:01.094 GMT+0530,1.0913,1.09118,0.9,0.9
11.04.2022 03:34:01.196 GMT+0530,1.09136,1.09126,0.9,0.9
11.04.2022 03:34:01.500 GMT+0530,1.09138,1.09126,0.9,0.9
11.04.2022 03:34:03.893 GMT+0530,1.09135,1.09124,1.55,4.5
11.04.2022 03:34:03.995 GMT+0530,1.09137,1.09125,0.9,0.9
11.04.2022 03:34:04.280 GMT+0530,1.09132,1.09124,0.9,3.6
11.04.2022 03:34:04.331 GMT+0530,1.09132,1.09121,1.34,4.5
11.04.2022 03:34:04.561 GMT+0530,1.09132,1.0912,1.34,5.84
11.04.2022 03:34:06.483 GMT+0530,1.09125,1.09117,2,4.5
11.04.2022 03:34:06.534 GMT+0530,1.09131,1.09119,1.34,4.5
11.04.2022 03:34:06.636 GMT+0530,1.09131,1.0912,0.44,0.9
11.04.2022 03:34:06.777 GMT+0530,1.09132,1.0912,1.34,0.9
11.04.2022 03:34:07.089 GMT+0530,1.09131,1.09119,1.34,5.84
11.04.2022 03:34:07.192 GMT+0530,1.09132,1.0912,1.34,0.9
11.04.2022 03:34:08.011 GMT+0530,1.09127,1.09118,1.1,5.63
11.04.2022 03:34:08.064 GMT+0530,1.09131,1.09119,1.34,4.5
11.04.2022 03:34:08.118 GMT+0530,1.09132,1.09121,1.55,0.9
11.04.2022 03:34:08.323 GMT+0530,1.09133,1.09121,1.34,0.9
11.04.2022 03:34:08.690 GMT+0530,1.09134,1.09122,1.34,0.9
11.04.2022 03:34:09.234 GMT+0530,1.09129,1.09122,0.44,0.9
11.04.2022 03:34:09.286 GMT+0530,1.0913,1.09119,1.55,0.9
11.04.2022 03:34:09.388 GMT+0530,1.09132,1.09121,0.44,0.9
11.04.2022 03:34:09.491 GMT+0530,1.09133,1.09121,1.34,0.9
11.04.2022 03:34:10.714 GMT+0530,1.09125,1.09119,1.1,3.6
11.04.2022 03:34:10.766 GMT+0530,1.09127,1.09115,1.34,11.7
11.04.2022 03:34:10.817 GMT+0530,1.09126,1.09118,1.1,0.44
11.04.2022 03:34:10.869 GMT+0530,1.09129,1.0912,0.44,5.84
11.04.2022 03:34:10.921 GMT+0530,1.09133,1.09122,0.44,0.9
11.04.2022 03:34:11.272 GMT+0530,1.09134,1.09123,0.44,0.9
11.04.2022 03:34:11.375 GMT+0530,1.09137,1.09129,0.44,0.44
11.04.2022 03:34:11.426 GMT+0530,1.09137,1.09126,0.44,0.9
11.04.2022 03:34:11.591 GMT+0530,1.09137,1.09128,0.44,3.6
11.04.2022 03:34:11.695 GMT+0530,1.09137,1.09126,0.44,0.9
11.04.2022 03:34:12.906 GMT+0530,1.09136,1.09128,0.44,0.44
11.04.2022 03:34:13.175 GMT+0530,1.09138,1.09129,2.45,0.44
11.04.2022 03:34:13.693 GMT+0530,1.09137,1.09129,1.1,0.44
11.04.2022 03:34:14.860 GMT+0530,1.09137,1.09128,1.1,4.04
11.04.2022 03:34:20.245 GMT+0530,1.09137,1.09129,1.1,0.44
11.04.2022 03:34:21.894 GMT+0530,1.09137,1.09128,1.55,4.04
11.04.2022 03:34:22.515 GMT+0530,1.0913,1.09125,1.1,0.44
11.04.2022 03:34:22.566 GMT+0530,1.09131,1.09123,1.34,1.8
11.04.2022 03:34:22.668 GMT+0530,1.0913,1.09123,1.34,1.8
11.04.2022 03:34:22.719 GMT+0530,1.09132,1.09123,1.34,0.44
11.04.2022 03:34:22.770 GMT+0530,1.0913,1.09123,0.9,0.44
11.04.2022 03:34:22.822 GMT+0530,1.09134,1.09124,1.34,0.44
11.04.2022 03:34:23.474 GMT+0530,1.0913,1.09124,0.9,0.44
11.04.2022 03:34:23.576 GMT+0530,1.09129,1.09122,0.9,0.44
11.04.2022 03:34:24.925 GMT+0530,1.09129,1.09121,0.9,0.44
11.04.2022 03:34:25.256 GMT+0530,1.09126,1.09123,1.1,0.44
11.04.2022 03:34:25.359 GMT+0530,1.09125,1.09121,0.44,0.44
11.04.2022 03:34:25.411 GMT+0530,1.09128,1.09121,0.44,0.44
11.04.2022 03:34:26.312 GMT+0530,1.09127,1.0912,2.45,0.44
11.04.2022 03:34:27.505 GMT+0530,1.09127,1.09119,1.34,0.44
11.04.2022 03:34:29.360 GMT+0530,1.09126,1.09119,1.34,0.44
11.04.2022 03:34:32.002 GMT+0530,1.0913,1.0912,0.44,3.6
11.04.2022 03:34:32.104 GMT+0530,1.0913,1.09119,1.34,0.44
11.04.2022 03:34:32.507 GMT+0530,1.0913,1.09118,1.34,0.9
11.04.2022 03:34:36.138 GMT+0530,1.0913,1.09117,2.24,0.9
11.04.2022 03:34:36.190 GMT+0530,1.09128,1.09115,1.34,4.5
11.04.2022 03:34:42.159 GMT+0530,1.09128,1.09119,0.9,0.9
11.04.2022 03:34:42.211 GMT+0530,1.09132,1.0912,6.5,4.5
11.04.2022 03:34:42.262 GMT+0530,1.09129,1.09119,0.9,0.9
11.04.2022 03:34:42.364 GMT+0530,1.09131,1.09118,0.9,0.9
11.04.2022 03:34:42.479 GMT+0530,1.09134,1.09121,0.9,0.9
11.04.2022 03:34:42.633 GMT+0530,1.09133,1.09121,0.44,0.9
11.04.2022 03:34:44.536 GMT+0530,1.09132,1.09121,1.34,4.5
11.04.2022 03:34:46.272 GMT+0530,1.09131,1.09118,0.9,0.9
11.04.2022 03:34:46.538 GMT+0530,1.09131,1.09119,0.9,0.9
11.04.2022 03:34:46.589 GMT+0530,1.09132,1.09121,1.8,4.5
11.04.2022 03:34:46.641 GMT+0530,1.0913,1.09117,0.9,0.9
11.04.2022 03:34:46.743 GMT+0530,1.09129,1.09117,0.9,0.9
11.04.2022 03:34:47.992 GMT+0530,1.09129,1.09116,0.9,0.9
11.04.2022 03:34:56.674 GMT+0530,1.09125,1.09114,0.9,3.6
11.04.2022 03:34:56.725 GMT+0530,1.09127,1.09115,0.9,3.6
11.04.2022 03:34:57.342 GMT+0530,1.09122,1.09115,0.9,3.6
11.04.2022 03:34:57.394 GMT+0530,1.09122,1.09112,0.9,0.9
11.04.2022 03:34:57.495 GMT+0530,1.09122,1.09111,0.9,4.5
11.04.2022 03:34:57.597 GMT+0530,1.09122,1.09111,0.9,4.5
11.04.2022 03:34:59.373 GMT+0530,1.09123,1.09111,0.9,3.6
11.04.2022 03:34:59.880 GMT+0530,1.09123,1.0911,0.9,4.5
11.04.2022 03:35:00.458 GMT+0530,1.09122,1.0911,0.9,3.6
11.04.2022 03:35:01.125 GMT+0530,1.09126,1.09116,1.1,0.9
11.04.2022 03:35:01.177 GMT+0530,1.09123,1.09112,0.9,4.5
11.04.2022 03:35:01.280 GMT+0530,1.09125,1.09112,0.9,0.9
11.04.2022 03:35:02.334 GMT+0530,1.09124,1.09111,0.9,0.9
11.04.2022 03:35:03.782 GMT+0530,1.09122,1.0911,0.9,3.6
11.04.2022 03:35:03.884 GMT+0530,1.09123,1.0911,0.9,4.5
11.04.2022 03:35:04.249 GMT+0530,1.09123,1.09111,0.9,3.6
11.04.2022 03:35:04.467 GMT+0530,1.09124,1.09114,2,3.6
11.04.2022 03:35:04.676 GMT+0530,1.09122,1.09113,1.1,4.5
11.04.2022 03:35:07.746 GMT+0530,1.09122,1.09112,1.8,4.5
11.04.2022 03:35:07.849 GMT+0530,1.0912,1.09114,1.1,3.6
11.04.2022 03:35:08.870 GMT+0530,1.09122,1.09113,1.1,3.6
11.04.2022 03:35:09.248 GMT+0530,1.09123,1.09113,1.8,3.6
11.04.2022 03:35:10.666 GMT+0530,1.09126,1.09119,1.34,3.6
11.04.2022 03:35:10.718 GMT+0530,1.09124,1.09116,2,3.6
11.04.2022 03:35:10.894 GMT+0530,1.09125,1.09115,2,4.5
11.04.2022 03:35:11.298 GMT+0530,1.09125,1.09116,0.9,3.6
11.04.2022 03:35:11.535 GMT+0530,1.09125,1.09115,0.9,4.5
11.04.2022 03:35:11.965 GMT+0530,1.09125,1.09114,0.9,3.6
11.04.2022 03:35:12.117 GMT+0530,1.09125,1.09116,0.9,3.6
11.04.2022 03:35:18.534 GMT+0530,1.09126,1.09115,0.9,4.5
11.04.2022 03:35:18.636 GMT+0530,1.09127,1.09119,0.9,0.44
11.04.2022 03:35:21.640 GMT+0530,1.0913,1.09124,3.35,3.6
11.04.2022 03:35:21.691 GMT+0530,1.09128,1.09121,0.9,4.04
11.04.2022 03:35:23.921 GMT+0530,1.09126,1.0912,1.1,3.6
11.04.2022 03:35:24.081 GMT+0530,1.09128,1.09121,0.9,3.6
11.04.2022 03:35:24.183 GMT+0530,1.09128,1.0912,2,3.6
11.04.2022 03:35:26.279 GMT+0530,1.09127,1.09121,0.9,3.6
11.04.2022 03:35:26.407 GMT+0530,1.09121,1.09115,2.9,8.1
11.04.2022 03:35:26.509 GMT+0530,1.0912,1.09115,0.9,4.5
11.04.2022 03:35:26.560 GMT+0530,1.09121,1.09113,0.9,3.6
11.04.2022 03:35:27.905 GMT+0530,1.09121,1.09112,0.9,3.6
11.04.2022 03:35:28.385 GMT+0530,1.09121,1.09111,0.9,3.6
11.04.2022 03:35:28.762 GMT+0530,1.0912,1.09113,0.9,3.6
11.04.2022 03:35:29.633 GMT+0530,1.09116,1.09106,0.9,4.5
11.04.2022 03:35:29.735 GMT+0530,1.09114,1.09108,0.9,3.6
11.04.2022 03:35:30.114 GMT+0530,1.09114,1.09107,0.9,3.6
11.04.2022 03:35:31.069 GMT+0530,1.09114,1.09106,0.9,3.6
11.04.2022 03:35:31.171 GMT+0530,1.09114,1.09104,0.9,1.34
11.04.2022 03:35:32.372 GMT+0530,1.09113,1.09105,0.9,0.44
11.04.2022 03:35:32.423 GMT+0530,1.09115,1.09105,0.9,0.44
11.04.2022 03:35:34.737 GMT+0530,1.09115,1.09108,0.9,3.6
11.04.2022 03:35:36.839 GMT+0530,1.09114,1.0911,0.9,3.6
11.04.2022 03:35:36.941 GMT+0530,1.09114,1.09105,0.9,0.44
11.04.2022 03:35:36.992 GMT+0530,1.09113,1.09108,0.9,3.6
11.04.2022 03:35:38.281 GMT+0530,1.09115,1.09106,0.9,3.6
11.04.2022 03:35:38.390 GMT+0530,1.09115,1.09107,0.9,3.6
11.04.2022 03:35:38.849 GMT+0530,1.09114,1.09109,0.9,0.23
11.04.2022 03:35:38.951 GMT+0530,1.09118,1.09112,0.9,3.6
11.04.2022 03:35:39.103 GMT+0530,1.09119,1.09112,0.9,3.6
11.04.2022 03:35:40.145 GMT+0530,1.09118,1.09111,1.1,3.6
11.04.2022 03:35:40.416 GMT+0530,1.09119,1.09112,0.9,3.6
11.04.2022 03:35:41.937 GMT+0530,1.09118,1.09109,0.9,0.9
11.04.2022 03:35:42.403 GMT+0530,1.09119,1.09113,0.9,3.6
11.04.2022 03:35:43.332 GMT+0530,1.0912,1.09113,0.9,3.6
11.04.2022 03:35:45.096 GMT+0530,1.09118,1.09114,0.9,3.6
11.04.2022 03:35:45.709 GMT+0530,1.09118,1.09112,1.1,3.6
11.04.2022 03:35:46.261 GMT+0530,1.09118,1.09111,1.1,3.6
11.04.2022 03:35:46.603 GMT+0530,1.09118,1.09112,2,3.6
11.04.2022 03:35:48.924 GMT+0530,1.09119,1.0911,0.9,0.9
11.04.2022 03:35:49.026 GMT+0530,1.0912,1.09113,0.9,3.6
11.04.2022 03:35:49.905 GMT+0530,1.09121,1.09114,1.1,3.6
11.04.2022 03:35:50.128 GMT+0530,1.09118,1.09115,0.9,3.6
11.04.2022 03:35:50.179 GMT+0530,1.09118,1.09112,0.9,0.23
11.04.2022 03:35:52.880 GMT+0530,1.09117,1.09112,2,3.6
11.04.2022 03:35:53.022 GMT+0530,1.09118,1.09112,2,3.6
11.04.2022 03:35:54.078 GMT+0530,1.09118,1.09109,0.9,0.23
11.04.2022 03:35:55.337 GMT+0530,1.09117,1.0911,1.1,3.6
11.04.2022 03:35:56.976 GMT+0530,1.09113,1.0911,0.9,3.6
11.04.2022 03:35:57.027 GMT+0530,1.09112,1.09107,0.9,4.94
11.04.2022 03:35:57.078 GMT+0530,1.0911,1.09106,0.9,4.5
11.04.2022 03:35:57.129 GMT+0530,1.09113,1.09107,0.44,1.34
11.04.2022 03:35:57.232 GMT+0530,1.09112,1.09105,2,3.6
11.04.2022 03:35:57.283 GMT+0530,1.09108,1.09104,0.9,0.23
11.04.2022 03:35:57.385 GMT+0530,1.09111,1.09103,2,3.83
11.04.2022 03:36:00.279 GMT+0530,1.09109,1.09104,0.9,3.83
11.04.2022 03:36:00.387 GMT+0530,1.09108,1.09104,1.1,3.83
11.04.2022 03:36:00.935 GMT+0530,1.09105,1.09099,1.1,3.6
11.04.2022 03:36:01.088 GMT+0530,1.09102,1.09095,0.9,3.6
11.04.2022 03:36:01.139 GMT+0530,1.09102,1.09099,0.9,0.44
11.04.2022 03:36:01.242 GMT+0530,1.09102,1.09094,1.1,4.5
11.04.2022 03:36:01.344 GMT+0530,1.09097,1.09092,0.9,3.6
11.04.2022 03:36:01.395 GMT+0530,1.0909,1.09084,1.1,3.6
11.04.2022 03:36:01.497 GMT+0530,1.09091,1.09084,0.9,0.23
11.04.2022 03:36:01.548 GMT+0530,1.09089,1.0908,0.9,1.8
11.04.2022 03:36:01.600 GMT+0530,1.09086,1.09082,1.1,3.6
11.04.2022 03:36:01.702 GMT+0530,1.09085,1.09079,1.1,6.3
11.04.2022 03:36:01.804 GMT+0530,1.09085,1.0908,1.1,0.23
11.04.2022 03:36:01.855 GMT+0530,1.09087,1.09079,0.9,2.7
11.04.2022 03:36:01.957 GMT+0530,1.09087,1.0908,0.9,0.23
11.04.2022 03:36:02.059 GMT+0530,1.09088,1.0908,0.9,0.9
11.04.2022 03:36:02.179 GMT+0530,1.09087,1.0908,1.1,4.73
11.04.2022 03:36:02.345 GMT+0530,1.09085,1.09081,1.8,0.23
11.04.2022 03:36:02.396 GMT+0530,1.09084,1.0908,1.1,0.23
11.04.2022 03:36:02.448 GMT+0530,1.09088,1.0908,0.9,0.23
11.04.2022 03:36:02.499 GMT+0530,1.09086,1.0908,1.1,4.73
11.04.2022 03:36:02.702 GMT+0530,1.09087,1.0908,1.1,4.5
11.04.2022 03:36:04.042 GMT+0530,1.09085,1.09079,1.1,3.6
11.04.2022 03:36:04.245 GMT+0530,1.09085,1.0908,1.1,0.23
11.04.2022 03:36:04.808 GMT+0530,1.09087,1.0908,1.8,0.23
11.04.2022 03:36:04.909 GMT+0530,1.09085,1.0908,1.1,0.23
11.04.2022 03:36:05.219 GMT+0530,1.09087,1.09081,2,4.5
11.04.2022 03:36:05.321 GMT+0530,1.09086,1.09078,0.9,1.13
11.04.2022 03:36:11.697 GMT+0530,1.09087,1.09078,0.9,0.9
11.04.2022 03:36:13.616 GMT+0530,1.09088,1.09078,2.7,0.9
11.04.2022 03:36:14.327 GMT+0530,1.09087,1.09078,0.9,0.9
11.04.2022 03:36:20.612 GMT+0530,1.09086,1.09078,1.8,0.9
11.04.2022 03:36:20.663 GMT+0530,1.09084,1.09078,0.9,0.9
11.04.2022 03:36:21.226 GMT+0530,1.09085,1.09078,0.9,0.9
11.04.2022 03:36:21.328 GMT+0530,1.09084,1.0908,2.9,3.6
11.04.2022 03:36:22.840 GMT+0530,1.09085,1.09078,0.9,0.9
11.04.2022 03:36:26.316 GMT+0530,1.09081,1.09078,0.9,0.9
11.04.2022 03:36:26.418 GMT+0530,1.09083,1.09078,0.9,3.6
11.04.2022 03:36:26.520 GMT+0530,1.0908,1.09075,0.9,4.5
11.04.2022 03:36:26.572 GMT+0530,1.09081,1.09073,0.9,3.6
11.04.2022 03:36:26.781 GMT+0530,1.09082,1.09073,0.9,3.6
11.04.2022 03:36:30.893 GMT+0530,1.09078,1.09071,0.9,3.6
11.04.2022 03:36:30.944 GMT+0530,1.09076,1.09068,0.9,1.8
11.04.2022 03:36:31.046 GMT+0530,1.09076,1.09069,2,3.6
11.04.2022 03:36:33.008 GMT+0530,1.09076,1.09068,0.9,1.8
11.04.2022 03:36:33.254 GMT+0530,1.09076,1.0907,0.9,3.6
11.04.2022 03:36:33.305 GMT+0530,1.09076,1.09073,0.9,0.9
11.04.2022 03:36:33.408 GMT+0530,1.09077,1.09073,2,0.9
11.04.2022 03:36:33.460 GMT+0530,1.09077,1.0907,0.9,3.6
11.04.2022 03:36:33.511 GMT+0530,1.09077,1.09072,0.9,3.6
11.04.2022 03:36:33.562 GMT+0530,1.09076,1.09068,0.9,4.27
11.04.2022 03:36:33.715 GMT+0530,1.09075,1.09069,1.1,3.6
11.04.2022 03:36:34.603 GMT+0530,1.09077,1.09074,1.1,0.9
11.04.2022 03:36:34.654 GMT+0530,1.0908,1.09074,2,3.6
11.04.2022 03:36:34.780 GMT+0530,1.09079,1.09074,0.9,1.34
11.04.2022 03:36:34.831 GMT+0530,1.09082,1.09076,2,0.9
11.04.2022 03:36:34.984 GMT+0530,1.0908,1.09073,0.9,4.04
11.04.2022 03:36:35.035 GMT+0530,1.09078,1.09071,0.9,3.6
11.04.2022 03:36:35.137 GMT+0530,1.09078,1.09072,0.9,3.6
11.04.2022 03:36:35.367 GMT+0530,1.09082,1.09075,1.1,3.6
11.04.2022 03:36:35.520 GMT+0530,1.09083,1.09075,0.9,3.6
11.04.2022 03:36:36.107 GMT+0530,1.09082,1.09075,0.9,4.94
11.04.2022 03:36:37.490 GMT+0530,1.09082,1.09076,2,3.6
11.04.2022 03:36:37.541 GMT+0530,1.09082,1.09072,0.9,2.7
11.04.2022 03:36:37.827 GMT+0530,1.09081,1.09075,1.1,3.6
11.04.2022 03:36:38.556 GMT+0530,1.09082,1.09075,2,3.6
11.04.2022 03:36:39.246 GMT+0530,1.09082,1.09078,1.1,0.9
11.04.2022 03:36:39.298 GMT+0530,1.09084,1.09078,1.1,0.9
11.04.2022 03:36:39.400 GMT+0530,1.09085,1.09078,1.1,0.9
11.04.2022 03:36:40.179 GMT+0530,1.09086,1.09079,1.1,0.9
11.04.2022 03:36:40.881 GMT+0530,1.09085,1.09079,2,3.6
11.04.2022 03:36:41.615 GMT+0530,1.09084,1.09077,1.1,3.6
11.04.2022 03:36:44.452 GMT+0530,1.09086,1.09076,0.9,0.9
11.04.2022 03:36:44.893 GMT+0530,1.09085,1.09077,1.1,3.6
11.04.2022 03:36:45.697 GMT+0530,1.09084,1.09077,1.1,3.6
